<?xml version="1.0" encoding="UTF-8"?>
<!DOCTYPE html PUBLIC "-//W3C//DTD XHTML 1.0 Transitional//EN"
    "http://www.w3.org/TR/xhtml1/DTD/xhtml1-transitional.dtd">
<html xmlns="http://www.w3.org/1999/xhtml" xml:lang="en" lang="en">
 <head>
  <title>
</title>
<meta http-equiv="Content-Type" content="text/html;charset=utf-8" />
  <meta name='ocr-system' content='tesseract 3.04.00' />
  <meta name='ocr-capabilities' content='ocr_page ocr_carea ocr_par ocr_line ocrx_word'/>
</head>
<body>
  <div class='ocr_page' id='page_1' title='image "./demosthenouslogo00demo_0385.png"; bbox 0 0 2083 3484; ppageno 0'>
   <div class='ocr_carea' id='block_1_1' title="bbox 490 181 1866 263">
    <p class='ocr_par' dir='ltr' id='par_1_1' title="bbox 490 181 1866 263">
     <span class='ocr_line' id='line_1_1' title="bbox 490 181 1866 263; baseline -0.002 -20"><span class='ocrx_word' id='word_1_1' title='bbox 490 181 1410 246; x_wconf 84' lang='lat' dir='ltr'>OLYNTHIACAM</span> <span class='ocrx_word' id='word_1_2' title='bbox 1494 183 1566 241; x_wconf 90' lang='grc' dir='ltr'>Π.</span> <span class='ocrx_word' id='word_1_3' title='bbox 1757 206 1866 263; x_wconf 77' lang='lat'>333</span> 
     </span>
    </p>
   </div>
   <div class='ocr_carea' id='block_1_2' title="bbox 277 293 1934 3077">
    <p class='ocr_par' dir='ltr' id='par_1_2' title="bbox 277 293 1878 520">
     <span class='ocr_line' id='line_1_2' title="bbox 278 293 1877 378; baseline -0.001 -23"><span class='ocrx_word' id='word_1_4' title='bbox 278 298 460 356; x_wconf 85' lang='lat' dir='ltr'>atione</span> <span class='ocrx_word' id='word_1_5' title='bbox 490 299 717 356; x_wconf 87' lang='lat' dir='ltr'>tandem</span> <span class='ocrx_word' id='word_1_6' title='bbox 738 299 804 356; x_wconf 75' lang='lat' dir='ltr'>eo</span> <span class='ocrx_word' id='word_1_7' title='bbox 832 296 1109 378; x_wconf 86' lang='lat' dir='ltr'>pervenit,</span> <span class='ocrx_word' id='word_1_8' title='bbox 1158 311 1223 352; x_wconf 86' lang='lat' dir='ltr'>ut</span> <span class='ocrx_word' id='word_1_9' title='bbox 1250 293 1722 375; x_wconf 27' lang='lat' dir='ltr'>dicat,fabrogat:*1</span> <span class='ocrx_word' id='word_1_10' title='bbox 1752 296 1877 374; x_wconf 85' lang='lat' dir='ltr'>lege</span> 
     </span>
     <span class='ocr_line' id='line_1_3' title="bbox 277 376 1878 459; baseline -0.001 -22"><span class='ocrx_word' id='word_1_11' title='bbox 277 381 554 448; x_wconf 85' lang='lat' dir='ltr'>theatrali,</span> <span class='ocrx_word' id='word_1_12' title='bbox 613 380 910 459; x_wconf 88' lang='lat' dir='ltr'>pecuniam</span> <span class='ocrx_word' id='word_1_13' title='bbox 963 378 1033 436; x_wconf 89' lang='lat' dir='ltr'>ad</span> <span class='ocrx_word' id='word_1_14' title='bbox 1089 376 1222 436; x_wconf 89' lang='lat' dir='ltr'>belli</span> <span class='ocrx_word' id='word_1_15' title='bbox 1252 377 1511 459; x_wconf 81' lang='lat' dir='ltr'>sumptus</span> <span class='ocrx_word' id='word_1_16' title='bbox 1559 378 1878 436; x_wconf 87' lang='lat' dir='ltr'>tolerandos</span> 
     </span>
     <span class='ocr_line' id='line_1_4' title="bbox 279 461 1004 520; baseline -0.004 0"><span class='ocrx_word' id='word_1_17' title='bbox 279 481 395 520; x_wconf 90' lang='lat' dir='ltr'>non</span> <span class='ocrx_word' id='word_1_18' title='bbox 425 461 767 520; x_wconf 86' lang='lat' dir='ltr'>defuturam.</span> <span class='ocrx_word' id='word_1_19' title='bbox 857 461 1004 519; x_wconf 71' lang='lat' dir='ltr'>Idem.</span> 
     </span>
    </p>

    <p class='ocr_par' dir='ltr' id='par_1_3' title="bbox 279 540 1934 2665">
     <span class='ocr_line' id='line_1_5' title="bbox 363 540 1880 620; baseline -0.001 -21"><span class='ocrx_word' id='word_1_20' title='bbox 363 543 428 600; x_wconf 81' lang='lat' dir='ltr'>P.</span> <span class='ocrx_word' id='word_1_21' title='bbox 477 547 574 601; x_wconf 83' lang='lat'>86.</span> <span class='ocrx_word' id='word_1_22' title='bbox 604 543 640 600; x_wconf 95' lang='lat' dir='ltr'>l.</span> <span class='ocrx_word' id='word_1_23' title='bbox 671 564 724 617; x_wconf 84' lang='lat'>5.</span> <span class='ocrx_word' id='word_1_24' title='bbox 758 542 1056 620; x_wconf 67' lang='grc' dir='ltr'><strong><em>Νομοθέτκς]</em></strong></span> <span class='ocrx_word' id='word_1_25' title='bbox 1113 541 1487 598; x_wconf 84' lang='lat' dir='ltr'>Nomothetae</span> <span class='ocrx_word' id='word_1_26' title='bbox 1518 555 1675 598; x_wconf 87' lang='lat' dir='ltr'>erant</span> <span class='ocrx_word' id='word_1_27' title='bbox 1723 540 1880 599; x_wconf 89' lang='lat' dir='ltr'>mille</span> 
     </span>
     <span class='ocr_line' id='line_1_6' title="bbox 279 621 1889 702; baseline -0.001 -19"><span class='ocrx_word' id='word_1_28' title='bbox 279 624 341 683; x_wconf 85' lang='lat'>&amp;</span> <span class='ocrx_word' id='word_1_29' title='bbox 372 644 539 692; x_wconf 81' lang='lat' dir='ltr'>unuS,</span> <span class='ocrx_word' id='word_1_30' title='bbox 566 644 893 702; x_wconf 82' lang='lat' dir='ltr'>quanquam</span> <span class='ocrx_word' id='word_1_31' title='bbox 929 624 1115 681; x_wconf 82' lang='lat' dir='ltr'><em>Pollux</em></span> <span class='ocrx_word' id='word_1_32' title='bbox 1137 641 1316 679; x_wconf 88' lang='lat' dir='ltr'>unum</span> <span class='ocrx_word' id='word_1_33' title='bbox 1347 624 1508 680; x_wconf 87' lang='lat' dir='ltr'>illum</span> <span class='ocrx_word' id='word_1_34' title='bbox 1536 621 1696 700; x_wconf 88' lang='lat' dir='ltr'>supra</span> <span class='ocrx_word' id='word_1_35' title='bbox 1735 623 1889 681; x_wconf 87' lang='lat' dir='ltr'>mille</span> 
     </span>
     <span class='ocr_line' id='line_1_7' title="bbox 281 703 1934 782; baseline -0.004 -19"><span class='ocrx_word' id='word_1_36' title='bbox 281 725 396 763; x_wconf 89' lang='lat' dir='ltr'>non</span> <span class='ocrx_word' id='word_1_37' title='bbox 438 706 735 777; x_wconf 83' lang='lat' dir='ltr'>recenseat,</span> <span class='ocrx_word' id='word_1_38' title='bbox 787 706 923 764; x_wconf 82' lang='lat' dir='ltr'>sorte</span> <span class='ocrx_word' id='word_1_39' title='bbox 953 703 1132 763; x_wconf 64' lang='lat' dir='ltr'>eleeti.</span> <span class='ocrx_word' id='word_1_40' title='bbox 1216 703 1272 762; x_wconf 90' lang='lat' dir='ltr'>Is</span> <span class='ocrx_word' id='word_1_41' title='bbox 1305 722 1447 761; x_wconf 88' lang='lat' dir='ltr'>unus</span> <span class='ocrx_word' id='word_1_42' title='bbox 1478 703 1886 782; x_wconf 84' lang='lat' dir='ltr'>superaddeba-</span> <span class='ocrx_word' id='word_1_43' title='bbox 1930 749 1934 757; x_wconf 44' lang='lat'>2</span> 
     </span>
     <span class='ocr_line' id='line_1_8' title="bbox 280 785 1885 867; baseline -0.001 -23"><span class='ocrx_word' id='word_1_44' title='bbox 280 803 394 856; x_wconf 86' lang='lat' dir='ltr'>tur,</span> <span class='ocrx_word' id='word_1_45' title='bbox 444 809 511 846; x_wconf 91' lang='lat' dir='ltr'>ne</span> <span class='ocrx_word' id='word_1_46' title='bbox 538 807 699 867; x_wconf 86' lang='lat' dir='ltr'>pares</span> <span class='ocrx_word' id='word_1_47' title='bbox 739 787 911 846; x_wconf 86' lang='lat' dir='ltr'>effent</span> <span class='ocrx_word' id='word_1_48' title='bbox 966 785 1354 862; x_wconf 83' lang='lat' dir='ltr'>suffragiorum</span> <span class='ocrx_word' id='word_1_49' title='bbox 1405 786 1620 844; x_wconf 89' lang='lat' dir='ltr'>calculi.</span> <span class='ocrx_word' id='word_1_50' title='bbox 1707 785 1885 843; x_wconf 88' lang='lat' dir='ltr'>Thes-</span> 
     </span>
     <span class='ocr_line' id='line_1_9' title="bbox 281 866 1887 945; baseline -0.001 -19"><span class='ocrx_word' id='word_1_51' title='bbox 281 868 554 928; x_wconf 81' lang='lat' dir='ltr'>mothetae</span> <span class='ocrx_word' id='word_1_52' title='bbox 591 870 897 945; x_wconf 85' lang='lat' dir='ltr'>quotannis</span> <span class='ocrx_word' id='word_1_53' title='bbox 948 869 1004 926; x_wconf 91' lang='lat' dir='ltr'>in</span> <span class='ocrx_word' id='word_1_54' title='bbox 1047 869 1221 925; x_wconf 89' lang='lat' dir='ltr'>domo</span> <span class='ocrx_word' id='word_1_55' title='bbox 1259 866 1512 945; x_wconf 80' lang='lat' dir='ltr'>publica,</span> <span class='ocrx_word' id='word_1_56' title='bbox 1566 867 1666 927; x_wconf 91' lang='lat' dir='ltr'>ubi</span> <span class='ocrx_word' id='word_1_57' title='bbox 1698 867 1887 945; x_wconf 85' lang='lat' dir='ltr'>Leges</span> 
     </span>
     <span class='ocr_line' id='line_1_10' title="bbox 280 948 1889 1026; baseline 0.001 -19"><span class='ocrx_word' id='word_1_58' title='bbox 280 951 742 1018; x_wconf 86' lang='lat' dir='ltr'>adservabantur,</span> <span class='ocrx_word' id='word_1_59' title='bbox 789 950 1226 1018; x_wconf 85' lang='lat' dir='ltr'>conveniebant,</span> <span class='ocrx_word' id='word_1_60' title='bbox 1271 963 1336 1007; x_wconf 83' lang='lat' dir='ltr'>ut</span> <span class='ocrx_word' id='word_1_61' title='bbox 1390 948 1647 1006; x_wconf 86' lang='lat' dir='ltr'>viderent</span> <span class='ocrx_word' id='word_1_62' title='bbox 1675 969 1743 1006; x_wconf 90' lang='lat' dir='ltr'>ne</span> <span class='ocrx_word' id='word_1_63' title='bbox 1770 969 1889 1026; x_wconf 82' lang='lat' dir='ltr'>qua</span> 
     </span>
     <span class='ocr_line' id='line_1_11' title="bbox 280 1026 1891 1107; baseline 0.001 -19"><span class='ocrx_word' id='word_1_64' title='bbox 280 1032 374 1089; x_wconf 81' lang='lat' dir='ltr'>lex</span> <span class='ocrx_word' id='word_1_65' title='bbox 395 1026 551 1089; x_wconf 88' lang='lat' dir='ltr'>alteri</span> <span class='ocrx_word' id='word_1_66' title='bbox 573 1045 702 1089; x_wconf 83' lang='lat' dir='ltr'>cont</span> <span class='ocrx_word' id='word_1_67' title='bbox 709 1032 844 1089; x_wconf 85' lang='lat' dir='ltr'>raria</span> <span class='ocrx_word' id='word_1_68' title='bbox 874 1031 985 1106; x_wconf 81' lang='lat' dir='ltr'>legi</span> <span class='ocrx_word' id='word_1_69' title='bbox 1030 1046 1259 1099; x_wconf 84' lang='lat' dir='ltr'>extaret,</span> <span class='ocrx_word' id='word_1_70' title='bbox 1316 1050 1387 1087; x_wconf 88' lang='lat' dir='ltr'>ne</span> <span class='ocrx_word' id='word_1_71' title='bbox 1416 1050 1529 1107; x_wconf 87' lang='lat' dir='ltr'>qua</span> <span class='ocrx_word' id='word_1_72' title='bbox 1559 1029 1712 1087; x_wconf 87' lang='lat' dir='ltr'>irrita.</span> <span class='ocrx_word' id='word_1_73' title='bbox 1746 1031 1891 1090; x_wconf 85' lang='lat' dir='ltr'>inter</span> 
     </span>
     <span class='ocr_line' id='line_1_12' title="bbox 283 1111 1891 1204; baseline -0.001 -34"><span class='ocrx_word' id='word_1_74' title='bbox 283 1129 447 1182; x_wconf 81' lang='lat' dir='ltr'>rataS,</span> <span class='ocrx_word' id='word_1_75' title='bbox 498 1133 641 1171; x_wconf 88' lang='lat' dir='ltr'>neve</span> <span class='ocrx_word' id='word_1_76' title='bbox 672 1113 881 1191; x_wconf 72' lang='lat' dir='ltr'>plures</span> <span class='ocrx_word' id='word_1_77' title='bbox 901 1115 973 1171; x_wconf 88' lang='lat' dir='ltr'>de</span> <span class='ocrx_word' id='word_1_78' title='bbox 1007 1133 1120 1170; x_wconf 88' lang='lat' dir='ltr'>una</span> <span class='ocrx_word' id='word_1_79' title='bbox 1158 1114 1218 1169; x_wconf 72' lang='grc' dir='ltr'>ὅτ</span> <span class='ocrx_word' id='word_1_80' title='bbox 1256 1111 1454 1169; x_wconf 80' lang='lat' dir='ltr'>eadem</span> <span class='ocrx_word' id='word_1_81' title='bbox 1483 1132 1556 1169; x_wconf 92' lang='lat' dir='ltr'>re.</span> <span class='ocrx_word' id='word_1_82' title='bbox 1644 1111 1818 1204; x_wconf 78' lang='lat' dir='ltr'>Quod</span> <span class='ocrx_word' id='word_1_83' title='bbox 1849 1111 1891 1169; x_wconf 80' lang='lat' dir='ltr'>fi</span> 
     </span>
     <span class='ocr_line' id='line_1_13' title="bbox 282 1193 1893 1272; baseline 0 -21"><span class='ocrx_word' id='word_1_84' title='bbox 282 1214 430 1271; x_wconf 86' lang='lat' dir='ltr'>quas</span> <span class='ocrx_word' id='word_1_85' title='bbox 471 1193 788 1269; x_wconf 83' lang='lat' dir='ltr'>hujusmodi</span> <span class='ocrx_word' id='word_1_86' title='bbox 838 1194 1338 1272; x_wconf 72' lang='lat' dir='ltr'>deprehendissent,</span> <span class='ocrx_word' id='word_1_87' title='bbox 1379 1195 1678 1271; x_wconf 82' lang='lat' dir='ltr'>descriptas</span> <span class='ocrx_word' id='word_1_88' title='bbox 1721 1194 1778 1252; x_wconf 90' lang='lat' dir='ltr'>in</span> <span class='ocrx_word' id='word_1_89' title='bbox 1811 1209 1893 1251; x_wconf 80' lang='lat' dir='ltr'>ta-</span> 
     </span>
     <span class='ocr_line' id='line_1_14' title="bbox 283 1274 1893 1355; baseline 0.001 -23"><span class='ocrx_word' id='word_1_90' title='bbox 283 1275 430 1334; x_wconf 69' lang='lat' dir='ltr'>bella</span> <span class='ocrx_word' id='word_1_91' title='bbox 460 1277 850 1355; x_wconf 88' lang='lat' dir='ltr'>proponebant</span> <span class='ocrx_word' id='word_1_92' title='bbox 873 1277 1108 1353; x_wconf 75' lang='lat' dir='ltr'>publice</span> <span class='ocrx_word' id='word_1_93' title='bbox 1147 1278 1214 1334; x_wconf 87' lang='lat' dir='ltr'>ad</span> <span class='ocrx_word' id='word_1_94' title='bbox 1244 1276 1615 1353; x_wconf 85' lang='lat' dir='ltr'>Archontum</span> <span class='ocrx_word' id='word_1_95' title='bbox 1660 1274 1893 1353; x_wconf 89' lang='lat' dir='ltr'>Epony-</span> 
     </span>
     <span class='ocr_line' id='line_1_15' title="bbox 287 1357 1927 1434; baseline 0 -19"><span class='ocrx_word' id='word_1_96' title='bbox 287 1378 514 1416; x_wconf 85' lang='lat' dir='ltr'>morum</span> <span class='ocrx_word' id='word_1_97' title='bbox 563 1359 800 1416; x_wconf 86' lang='lat' dir='ltr'>statuas:</span> <span class='ocrx_word' id='word_1_98' title='bbox 863 1360 1135 1434; x_wconf 86' lang='lat' dir='ltr'>Prytanes</span> <span class='ocrx_word' id='word_1_99' title='bbox 1191 1357 1328 1416; x_wconf 74' lang='lat' dir='ltr'>vero</span> <span class='ocrx_word' id='word_1_100' title='bbox 1357 1359 1692 1417; x_wconf 86' lang='lat' dir='ltr'>concionem</span> <span class='ocrx_word' id='word_1_101' title='bbox 1726 1359 1927 1416; x_wconf 86' lang='lat' dir='ltr'>habe··</span> 
     </span>
     <span class='ocr_line' id='line_1_16' title="bbox 284 1439 1896 1516; baseline -0.001 -18"><span class='ocrx_word' id='word_1_102' title='bbox 284 1440 444 1508; x_wconf 86' lang='lat' dir='ltr'>bant,</span> <span class='ocrx_word' id='word_1_103' title='bbox 475 1457 538 1498; x_wconf 87' lang='lat' dir='ltr'>ut</span> <span class='ocrx_word' id='word_1_104' title='bbox 567 1440 948 1498; x_wconf 88' lang='lat' dir='ltr'>Nomethetas</span> <span class='ocrx_word' id='word_1_105' title='bbox 975 1441 1346 1516; x_wconf 79' lang='lat' dir='ltr'>designarent.</span> <span class='ocrx_word' id='word_1_106' title='bbox 1402 1439 1700 1498; x_wconf 84' lang='lat' dir='ltr'>Referente</span> <span class='ocrx_word' id='word_1_107' title='bbox 1724 1440 1896 1497; x_wconf 63' lang='lat' dir='ltr'>Proe-</span> 
     </span>
     <span class='ocr_line' id='line_1_17' title="bbox 284 1521 1897 1599; baseline 0 -21"><span class='ocrx_word' id='word_1_108' title='bbox 284 1524 390 1579; x_wconf 86' lang='lat' dir='ltr'>dro</span> <span class='ocrx_word' id='word_1_109' title='bbox 419 1524 490 1579; x_wconf 94' lang='lat' dir='ltr'>de</span> <span class='ocrx_word' id='word_1_110' title='bbox 521 1522 766 1597; x_wconf 79' lang='lat' dir='ltr'>legibus,</span> <span class='ocrx_word' id='word_1_111' title='bbox 798 1521 969 1599; x_wconf 85' lang='lat' dir='ltr'>iisque</span> <span class='ocrx_word' id='word_1_112' title='bbox 1001 1523 1185 1598; x_wconf 87' lang='lat' dir='ltr'>palam</span> <span class='ocrx_word' id='word_1_113' title='bbox 1219 1541 1322 1599; x_wconf 89' lang='lat' dir='ltr'>pro</span> <span class='ocrx_word' id='word_1_114' title='bbox 1363 1522 1632 1579; x_wconf 87' lang='lat' dir='ltr'>concione</span> <span class='ocrx_word' id='word_1_115' title='bbox 1662 1543 1694 1579; x_wconf 88' lang='lat' dir='ltr'>a</span> <span class='ocrx_word' id='word_1_116' title='bbox 1724 1521 1897 1579; x_wconf 83' lang='lat' dir='ltr'>scriba</span> 
     </span>
     <span class='ocr_line' id='line_1_18' title="bbox 287 1602 1898 1681; baseline 0.001 -21"><span class='ocrx_word' id='word_1_117' title='bbox 287 1606 550 1674; x_wconf 72' lang='lat' dir='ltr'>recitati8‚</span> <span class='ocrx_word' id='word_1_118' title='bbox 574 1603 824 1681; x_wconf 87' lang='lat' dir='ltr'>quisquis</span> <span class='ocrx_word' id='word_1_119' title='bbox 844 1604 1068 1663; x_wconf 84' lang='lat' dir='ltr'>volebat</span> <span class='ocrx_word' id='word_1_120' title='bbox 1087 1605 1141 1660; x_wconf 89' lang='lat' dir='ltr'>L</span> <span class='ocrx_word' id='word_1_121' title='bbox 1147 1622 1280 1678; x_wconf 81' lang='lat' dir='ltr'>eges</span> <span class='ocrx_word' id='word_1_122' title='bbox 1303 1602 1567 1661; x_wconf 87' lang='lat' dir='ltr'>suadebat</span> <span class='ocrx_word' id='word_1_123' title='bbox 1585 1604 1670 1661; x_wconf 89' lang='lat' dir='ltr'>vel</span> <span class='ocrx_word' id='word_1_124' title='bbox 1694 1603 1898 1661; x_wconf 82' lang='lat' dir='ltr'>dissua-</span> 
     </span>
     <span class='ocr_line' id='line_1_19' title="bbox 280 1649 1899 1764; baseline -0.001 -20.998"><span class='ocrx_word' id='word_1_125' title='bbox 280 1687 475 1755; x_wconf 83' lang='lat' dir='ltr'>debat,</span> <span class='ocrx_word' id='word_1_126' title='bbox 519 1649 604 1741; x_wconf 63' lang='grc' dir='ltr'>ἐζ</span> <span class='ocrx_word' id='word_1_127' title='bbox 626 1685 785 1762; x_wconf 76' lang='lat' dir='ltr'>siqua</span> <span class='ocrx_word' id='word_1_128' title='bbox 835 1685 1167 1764; x_wconf 81' lang='lat' dir='ltr'>abroganda</span> <span class='ocrx_word' id='word_1_129' title='bbox 1181 1651 1348 1743; x_wconf 68' lang='lat' dir='ltr'>oLeX</span> <span class='ocrx_word' id='word_1_130' title='bbox 1394 1701 1531 1756; x_wconf 87' lang='lat' dir='ltr'>erat,</span> <span class='ocrx_word' id='word_1_131' title='bbox 1592 1686 1899 1763; x_wconf 86' lang='lat' dir='ltr'>unicuique</span> 
     </span>
     <span class='ocr_line' id='line_1_20' title="bbox 282 1766 1900 1860; baseline -0.001 -34"><span class='ocrx_word' id='word_1_132' title='bbox 282 1766 440 1846; x_wconf 83' lang='lat' dir='ltr'>Legi</span> <span class='ocrx_word' id='word_1_133' title='bbox 471 1767 817 1845; x_wconf 82' lang='lat' dir='ltr'>abrogandae</span> <span class='ocrx_word' id='word_1_134' title='bbox 853 1769 1105 1860; x_wconf 88' lang='lat' dir='ltr'>quinque</span> <span class='ocrx_word' id='word_1_135' title='bbox 1143 1788 1214 1825; x_wconf 84' lang='lat' dir='ltr'>ex</span> <span class='ocrx_word' id='word_1_136' title='bbox 1245 1767 1506 1825; x_wconf 81' lang='lat' dir='ltr'>univerfis</span> <span class='ocrx_word' id='word_1_137' title='bbox 1537 1767 1900 1840; x_wconf 71' lang='lat' dir='ltr'>Atheniensi-</span> 
     </span>
     <span class='ocr_line' id='line_1_21' title="bbox 285 1848 1901 1931; baseline 0.001 -25"><span class='ocrx_word' id='word_1_138' title='bbox 285 1850 398 1906; x_wconf 81' lang='lat' dir='ltr'>bus</span> <span class='ocrx_word' id='word_1_139' title='bbox 427 1850 787 1923; x_wconf 80' lang='lat' dir='ltr'>eligebantur</span> <span class='ocrx_word' id='word_1_140' title='bbox 817 1852 1056 1926; x_wconf 84' lang='lat' dir='ltr'>patroni.</span> <span class='ocrx_word' id='word_1_141' title='bbox 1103 1851 1383 1927; x_wconf 77' lang='lat' dir='ltr'>Populu3‚</span> <span class='ocrx_word' id='word_1_142' title='bbox 1431 1848 1715 1931; x_wconf 76' lang='lat' dir='ltr'>expensis</span> <span class='ocrx_word' id='word_1_143' title='bbox 1721 1849 1901 1909; x_wconf 84' lang='lat' dir='ltr'>utrin-</span> 
     </span>
     <span class='ocr_line' id='line_1_22' title="bbox 283 1925 1900 2010; baseline 0.001 -23"><span class='ocrx_word' id='word_1_144' title='bbox 283 1950 400 2008; x_wconf 83' lang='lat' dir='ltr'>que</span> <span class='ocrx_word' id='word_1_145' title='bbox 432 1931 764 1998; x_wconf 75' lang='lat' dir='ltr'>rationibUS,</span> <span class='ocrx_word' id='word_1_146' title='bbox 798 1932 1058 1992; x_wconf 81' lang='lat' dir='ltr'>sciscebat</span> <span class='ocrx_word' id='word_1_147' title='bbox 1089 1952 1222 2008; x_wconf 88' lang='lat' dir='ltr'>quas</span> <span class='ocrx_word' id='word_1_148' title='bbox 1264 1932 1456 2010; x_wconf 80' lang='lat' dir='ltr'>Leges</span> <span class='ocrx_word' id='word_1_149' title='bbox 1503 1932 1678 1990; x_wconf 87' lang='lat' dir='ltr'>vellet</span> <span class='ocrx_word' id='word_1_150' title='bbox 1705 1952 1735 1989; x_wconf 90' lang='lat' dir='ltr'>e</span> <span class='ocrx_word' id='word_1_151' title='bbox 1770 1925 1900 2006; x_wconf 79' lang='lat' dir='ltr'>No-</span> 
     </span>
     <span class='ocr_line' id='line_1_23' title="bbox 292 2013 1918 2091; baseline 0.001 -21"><span class='ocrx_word' id='word_1_152' title='bbox 292 2013 692 2082; x_wconf 87' lang='lat' dir='ltr'>mothetarum‚</span> <span class='ocrx_word' id='word_1_153' title='bbox 737 2015 952 2091; x_wconf 86' lang='lat' dir='ltr'>quibus</span> <span class='ocrx_word' id='word_1_154' title='bbox 983 2031 1173 2073; x_wconf 84' lang='lat' dir='ltr'>tamen</span> <span class='ocrx_word' id='word_1_155' title='bbox 1206 2035 1326 2072; x_wconf 89' lang='lat' dir='ltr'>rem</span> <span class='ocrx_word' id='word_1_156' title='bbox 1354 2033 1585 2073; x_wconf 89' lang='lat' dir='ltr'>omnem</span> <span class='ocrx_word' id='word_1_157' title='bbox 1617 2015 1918 2089; x_wconf 77' lang='lat' dir='ltr'>integram&#39;</span> 
     </span>
     <span class='ocr_line' id='line_1_24' title="bbox 282 2061 1902 2175; baseline -0.001 -24"><span class='ocrx_word' id='word_1_158' title='bbox 282 2097 712 2164; x_wconf 75' lang='lat' dir='ltr'>committebat,</span> <span class='ocrx_word' id='word_1_159' title='bbox 744 2097 827 2154; x_wconf 83' lang='lat' dir='ltr'>vel</span> <span class='ocrx_word' id='word_1_160' title='bbox 865 2098 1137 2175; x_wconf 86' lang='lat' dir='ltr'>antiquari</span> <span class='ocrx_word' id='word_1_161' title='bbox 1171 2099 1262 2155; x_wconf 87' lang='lat' dir='ltr'>vel</span> <span class='ocrx_word' id='word_1_162' title='bbox 1293 2113 1440 2154; x_wconf 84' lang='lat' dir='ltr'>ratas</span> <span class='ocrx_word' id='word_1_163' title='bbox 1465 2096 1676 2154; x_wconf 87' lang='lat' dir='ltr'>haberi.</span> <span class='ocrx_word' id='word_1_164' title='bbox 1735 2061 1902 2153; x_wconf 64' lang='lat' dir='ltr'>oHOC</span> 
     </span>
     <span class='ocr_line' id='line_1_25' title="bbox 289 2177 1904 2254; baseline -0.001 -19"><span class='ocrx_word' id='word_1_165' title='bbox 289 2177 490 2254; x_wconf 82' lang='lat' dir='ltr'>legum</span> <span class='ocrx_word' id='word_1_166' title='bbox 524 2196 764 2236; x_wconf 87' lang='lat' dir='ltr'>examen</span> <span class='ocrx_word' id='word_1_167' title='bbox 793 2194 908 2236; x_wconf 88' lang='lat' dir='ltr'>erat</span> <span class='ocrx_word' id='word_1_168' title='bbox 941 2179 1103 2242; x_wconf 68' lang='lat' dir='ltr'>valde}</span> <span class='ocrx_word' id='word_1_169' title='bbox 1137 2180 1495 2239; x_wconf 75' lang='lat' dir='ltr'>necessarium</span> <span class='ocrx_word' id='word_1_170' title='bbox 1527 2179 1582 2236; x_wconf 86' lang='lat' dir='ltr'>in</span> <span class='ocrx_word' id='word_1_171' title='bbox 1614 2178 1904 2254; x_wconf 66' lang='lat' dir='ltr'>republica</span> 
     </span>
     <span class='ocr_line' id='line_1_26' title="bbox 295 2259 1905 2339; baseline 0 -23"><span class='ocrx_word' id='word_1_172' title='bbox 295 2259 753 2328; x_wconf 76' lang='lat' dir='ltr'>Atheniensium,</span> <span class='ocrx_word' id='word_1_173' title='bbox 805 2260 902 2318; x_wconf 87' lang='lat' dir='ltr'>ubi</span> <span class='ocrx_word' id='word_1_174' title='bbox 961 2261 1115 2339; x_wconf 81' lang='lat' dir='ltr'>leges</span> <span class='ocrx_word' id='word_1_175' title='bbox 1172 2260 1520 2328; x_wconf 83' lang='lat' dir='ltr'>cumulandi,</span> <span class='ocrx_word' id='word_1_176' title='bbox 1572 2259 1905 2337; x_wconf 82' lang='lat' dir='ltr'>abrogandi,</span> 
     </span>
     <span class='ocr_line' id='line_1_27' title="bbox 286 2340 1906 2420; baseline 0 -22"><span class='ocrx_word' id='word_1_177' title='bbox 286 2340 567 2399; x_wconf 75' lang='lat' dir='ltr'>sanciendi</span> <span class='ocrx_word' id='word_1_178' title='bbox 603 2342 851 2420; x_wconf 84' lang='lat' dir='ltr'>pruritus</span> <span class='ocrx_word' id='word_1_179' title='bbox 882 2342 940 2398; x_wconf 85' lang='lat'>&amp;</span> <span class='ocrx_word' id='word_1_180' title='bbox 967 2343 1231 2415; x_wconf 67' lang='grc' dir='ltr'><em>φιλοκοανίοι</em></span> <span class='ocrx_word' id='word_1_181' title='bbox 1254 2343 1712 2402; x_wconf 87' lang='lat' dir='ltr'>dominabantur.</span> <span class='ocrx_word' id='word_1_182' title='bbox 1799 2341 1906 2398; x_wconf 89' lang='lat' dir='ltr'>Vi-</span> 
     </span>
     <span class='ocr_line' id='line_1_28' title="bbox 297 2422 1903 2501; baseline 0.001 -22"><span class='ocrx_word' id='word_1_183' title='bbox 297 2424 365 2479; x_wconf 91' lang='lat' dir='ltr'>de</span> <span class='ocrx_word' id='word_1_184' title='bbox 387 2424 549 2481; x_wconf 79' lang='lat' dir='ltr'>Petit.</span> <span class='ocrx_word' id='word_1_185' title='bbox 583 2424 640 2480; x_wconf 89' lang='lat' dir='ltr'>in</span> <span class='ocrx_word' id='word_1_186' title='bbox 676 2425 819 2501; x_wconf 83' lang='lat' dir='ltr'>Leg.</span> <span class='ocrx_word' id='word_1_187' title='bbox 856 2429 980 2483; x_wconf 84' lang='lat' dir='ltr'>Att.</span> <span class='ocrx_word' id='word_1_188' title='bbox 1017 2427 1115 2482; x_wconf 89' lang='lat' dir='ltr'>lib.</span> <span class='ocrx_word' id='word_1_189' title='bbox 1146 2425 1183 2483; x_wconf 87' lang='lat' dir='ltr'>i.</span> <span class='ocrx_word' id='word_1_190' title='bbox 1219 2425 1307 2482; x_wconf 89' lang='lat' dir='ltr'>tit.</span> <span class='ocrx_word' id='word_1_191' title='bbox 1343 2446 1395 2484; x_wconf 87' lang='lat'>2.</span> <span class='ocrx_word' id='word_1_192' title='bbox 1484 2424 1616 2482; x_wconf 78' lang='lat' dir='ltr'>Poll.</span> <span class='ocrx_word' id='word_1_193' title='bbox 1652 2424 1749 2481; x_wconf 88' lang='lat' dir='ltr'>lib.</span> <span class='ocrx_word' id='word_1_194' title='bbox 1782 2422 1903 2481; x_wconf 85' lang='lat' dir='ltr'>viii.</span> 
     </span>
     <span class='ocr_line' id='line_1_29' title="bbox 302 2501 1906 2585; baseline 0.001 -22.001"><span class='ocrx_word' id='word_1_195' title='bbox 302 2525 434 2563; x_wconf 76' lang='lat'>101.</span> <span class='ocrx_word' id='word_1_196' title='bbox 473 2506 532 2561; x_wconf 83' lang='lat'>&amp;</span> <span class='ocrx_word' id='word_1_197' title='bbox 577 2505 652 2561; x_wconf 83' lang='lat' dir='ltr'>ibi</span> <span class='ocrx_word' id='word_1_198' title='bbox 695 2504 908 2565; x_wconf 60' lang='lat' dir='ltr'>doctiss.</span> <span class='ocrx_word' id='word_1_199' title='bbox 966 2506 1141 2566; x_wconf 74' lang='lat' dir='ltr'>Kiihn.</span> <span class='ocrx_word' id='word_1_200' title='bbox 1223 2508 1372 2565; x_wconf 88' lang='lat' dir='ltr'>Vide</span> <span class='ocrx_word' id='word_1_201' title='bbox 1419 2510 1588 2567; x_wconf 84' lang='lat' dir='ltr'>etiam</span> <span class='ocrx_word' id='word_1_202' title='bbox 1639 2501 1806 2585; x_wconf 76' lang='lat' dir='ltr'>Sigon.</span> <span class='ocrx_word' id='word_1_203' title='bbox 1836 2506 1906 2564; x_wconf 90' lang='lat' dir='ltr'>de</span> 
     </span>
     <span class='ocr_line' id='line_1_30' title="bbox 300 2585 1162 2665; baseline 0.005 -22"><span class='ocrx_word' id='word_1_204' title='bbox 300 2587 455 2660; x_wconf 88' lang='lat' dir='ltr'>Rep.</span> <span class='ocrx_word' id='word_1_205' title='bbox 491 2585 704 2644; x_wconf 84' lang='lat' dir='ltr'>Athen.</span> <span class='ocrx_word' id='word_1_206' title='bbox 730 2587 830 2648; x_wconf 74' lang='lat' dir='ltr'>li.b</span> <span class='ocrx_word' id='word_1_207' title='bbox 862 2589 918 2646; x_wconf 90' lang='lat' dir='ltr'>ii.</span> <span class='ocrx_word' id='word_1_208' title='bbox 951 2608 1073 2665; x_wconf 89' lang='lat' dir='ltr'>cap.</span> <span class='ocrx_word' id='word_1_209' title='bbox 1106 2613 1162 2661; x_wconf 81' lang='lat'>4.</span> 
     </span>
    </p>

    <p class='ocr_par' dir='ltr' id='par_1_4' title="bbox 294 2667 1910 3077">
     <span class='ocr_line' id='line_1_31' title="bbox 380 2667 1908 2749; baseline 0.002 -23"><span class='ocrx_word' id='word_1_210' title='bbox 380 2670 468 2726; x_wconf 80' lang='lat' dir='ltr'>lb.</span> <span class='ocrx_word' id='word_1_211' title='bbox 509 2667 544 2725; x_wconf 85' lang='lat' dir='ltr'>l.</span> <span class='ocrx_word' id='word_1_212' title='bbox 573 2667 623 2724; x_wconf 84' lang='lat'>6·</span> <span class='ocrx_word' id='word_1_213' title='bbox 651 2669 708 2725; x_wconf 84' lang='lat'>&amp;</span> <span class='ocrx_word' id='word_1_214' title='bbox 740 2669 888 2747; x_wconf 61' lang='lat' dir='ltr'>seqq.</span> <span class='ocrx_word' id='word_1_215' title='bbox 912 2673 998 2735; x_wconf 73' lang='lat' dir='ltr'>Mn</span> <span class='ocrx_word' id='word_1_216' title='bbox 1024 2676 1160 2735; x_wconf 66' lang='grc' dir='ltr'><em>,θῆςὲῒε</em></span> <span class='ocrx_word' id='word_1_217' title='bbox 1180 2700 1312 2749; x_wconf 71' lang='grc' dir='ltr'><em>νυμον</em></span> <span class='ocrx_word' id='word_1_218' title='bbox 1339 2677 1452 2747; x_wconf 58' lang='lat' dir='ltr'>pardi</span> <span class='ocrx_word' id='word_1_219' title='bbox 1436 2700 1530 2742; x_wconf 76' lang='grc' dir='ltr'>μοι,</span> <span class='ocrx_word' id='word_1_220' title='bbox 1560 2670 1647 2729; x_wconf 69' lang='grc' dir='ltr'>εἶσι</span> <span class='ocrx_word' id='word_1_221' title='bbox 1678 2698 1773 2747; x_wconf 65' lang='grc' dir='ltr'>’γαρ</span> <span class='ocrx_word' id='word_1_222' title='bbox 1800 2700 1908 2748; x_wconf 49' lang='lat' dir='ltr'>uptun</span> 
     </span>
     <span class='ocr_line' id='line_1_32' title="bbox 294 2750 1908 2832; baseline 0 -22"><span class='ocrx_word' id='word_1_223' title='bbox 294 2750 485 2824; x_wconf 58' lang='grc' dir='ltr'>ἱκανοὶ]</span> <span class='ocrx_word' id='word_1_224' title='bbox 571 2750 885 2809; x_wconf 86' lang='lat' dir='ltr'>Multitudo</span> <span class='ocrx_word' id='word_1_225' title='bbox 958 2754 1193 2832; x_wconf 83' lang='lat' dir='ltr'>Legum</span> <span class='ocrx_word' id='word_1_226' title='bbox 1255 2775 1494 2832; x_wconf 80' lang='lat' dir='ltr'>regnum</span> <span class='ocrx_word' id='word_1_227' title='bbox 1561 2754 1706 2811; x_wconf 82' lang='lat' dir='ltr'>male</span> <span class='ocrx_word' id='word_1_228' title='bbox 1772 2774 1908 2811; x_wconf 85' lang='lat' dir='ltr'>con·</span> 
     </span>
     <span class='ocr_line' id='line_1_33' title="bbox 302 2833 1910 2914; baseline 0 -24"><span class='ocrx_word' id='word_1_229' title='bbox 302 2833 557 2890; x_wconf 83' lang='lat' dir='ltr'>stitutum</span> <span class='ocrx_word' id='word_1_230' title='bbox 604 2833 828 2891; x_wconf 88' lang='lat' dir='ltr'>indicat.</span> <span class='ocrx_word' id='word_1_231' title='bbox 918 2835 1070 2893; x_wconf 89' lang='lat' dir='ltr'>Cum</span> <span class='ocrx_word' id='word_1_232' title='bbox 1119 2838 1267 2894; x_wconf 88' lang='lat' dir='ltr'>enim</span> <span class='ocrx_word' id='word_1_233' title='bbox 1295 2838 1452 2914; x_wconf 80' lang='lat' dir='ltr'>leges</span> <span class='ocrx_word' id='word_1_234' title='bbox 1494 2837 1617 2899; x_wconf 75' lang='lat' dir='ltr'>ideo</span> <span class='ocrx_word' id='word_1_235' title='bbox 1647 2835 1910 2902; x_wconf 77' lang='lat' dir='ltr'>ferantur,</span> 
     </span>
     <span class='ocr_line' id='line_1_34' title="bbox 302 2915 1906 2994; baseline 0.001 -22"><span class='ocrx_word' id='word_1_236' title='bbox 302 2933 369 2972; x_wconf 85' lang='lat' dir='ltr'>ut</span> <span class='ocrx_word' id='word_1_237' title='bbox 402 2915 822 2992; x_wconf 82' lang='lat' dir='ltr'>perversitatem</span> <span class='ocrx_word' id='word_1_238' title='bbox 867 2937 1091 2975; x_wconf 84' lang='lat' dir='ltr'>morum</span> <span class='ocrx_word' id='word_1_239' title='bbox 1123 2920 1445 2994; x_wconf 78' lang='lat' dir='ltr'>reprimant,</span> <span class='ocrx_word' id='word_1_240' title='bbox 1478 2919 1573 2979; x_wconf 83' lang='lat' dir='ltr'>ubi</span> <span class='ocrx_word' id='word_1_241' title='bbox 1603 2919 1798 2983; x_wconf 80' lang='lat' dir='ltr'>multae</span> <span class='ocrx_word' id='word_1_242' title='bbox 1827 2916 1906 2975; x_wconf 82' lang='lat' dir='ltr'>le-</span> 
     </span>
     <span class='ocr_line' id='line_1_35' title="bbox 304 2997 1828 3077; baseline 0.001 -23"><span class='ocrx_word' id='word_1_243' title='bbox 304 3017 428 3075; x_wconf 76' lang='lat' dir='ltr'>geS,</span> <span class='ocrx_word' id='word_1_244' title='bbox 447 2997 528 3056; x_wconf 76' lang='lat' dir='ltr'>ibi</span> <span class='ocrx_word' id='word_1_245' title='bbox 555 2997 730 3059; x_wconf 69' lang='lat' dir='ltr'>multa</span> <span class='ocrx_word' id='word_1_246' title='bbox 755 2998 855 3059; x_wconf 75' lang='lat' dir='ltr'>lint</span> <span class='ocrx_word' id='word_1_247' title='bbox 878 2998 1091 3077; x_wconf 77' lang='lat' dir='ltr'>flagitia</span> <span class='ocrx_word' id='word_1_248' title='bbox 1107 3001 1310 3067; x_wconf 72' lang='lat' dir='ltr'>necesse</span> <span class='ocrx_word' id='word_1_249' title='bbox 1331 3001 1424 3059; x_wconf 88' lang='lat' dir='ltr'>est.</span> <span class='ocrx_word' id='word_1_250' title='bbox 1513 3001 1828 3068; x_wconf 74' lang='lat' dir='ltr'>Tourrellus.</span> 
     </span>
    </p>
   </div>
   <div class='ocr_carea' id='block_1_3' title="bbox 1760 3163 1909 3221">
    <p class='ocr_par' dir='ltr' id='par_1_5' title="bbox 1760 3163 1909 3221">
     <span class='ocr_line' id='line_1_36' title="bbox 1760 3163 1909 3221; baseline -0.007 -1"><span class='ocrx_word' id='word_1_251' title='bbox 1760 3163 1909 3221; x_wconf 82' lang='lat' dir='ltr'>Ibid.</span> 
     </span>
    </p>
   </div>
  </div>
 </body>
</html>
