2083 3484
834 40 1057 177 bxv]

264 326 1621 421 OBSERVATIONES

875 535 992 596 IN

150 704 1741 816 COMMENTARIOS

441 921 669 1010 vulga
725 913 1448 986 ULPJANEOS.

423 1199 673 1274 triginta,
719 1215 789 1253 ex
818 1212 936 1272 quo
967 1197 1214 1272 primum
1246 1196 1298 1253 in
1333 1198 1512 1256 lucem
1554 1195 1748 1276 prodi-

238 1281 242 1285 ’
332 1319 376 1335 A.
422 1280 511 1338 ere
541 1278 643 1336 sub
670 1277 810 1335 Aldi
834 1278 980 1334 curis
1014 1279 1074 1336 δε
1104 1277 1351 1355 auspiciis
1376 1280 1747 1341 Commenta-

149 1366 215 1424 rii
241 1366 294 1422 in
319 1359 718 1422 Demosthenis
738 1359 1009 1416 orationes
1033 1358 1349 1419 octodecim
1381 1361 1620 1440 Ulpiani
1643 1384 1748 1424 no.-

152 1466 285 1504 men
316 1443 701 1524 praeferentes·
743 1442 830 1498 Ex
852 1460 939 1506 ec),
973 1442 1107 1498 alios
1131 1455 1299 1518 atque
1321 1441 1458 1501 alios
1487 1445 1747 1506 Editores

153 1549 216 1587 ac
252 1529 522 1584 Patronos
557 1522 788 1581 subinde
819 1521 968 1579 nacti
1002 1542 1269 1600 magnam
1301 1522 1398 1583 fibi
1430 1525 1497 1583 ad
1529 1527 1752 1588 hodier-

150 1629 288 1670 num
318 1608 494 1688 usque
523 1606 670 1664 diem
698 1604 848 1682 apud
871 1604 1138 1662 Eruditos
1170 1606 1408 1664 Famam
1442 1607 1501 1664 &
1529 1610 1752 1670 Aucto·

151 1695 370 1751 ritatem
401 1688 781 1748 obtinuerunt.
869 1687 1084 1752 Interea
1112 1702 1320 1759 tamen,
1350 1692 1613 1765 quamvis
1635 1693 1754 1752 Ul-

149 1775 318 1853 piano
341 1789 540 1832 eorum
566 1769 832 1848 pleraque
854 1766 1191 1839 tribuerunt,
1215 1770 1485 1829 nonnulla
1505 1772 1755 1854 interpo-

150 1852 342 1916 latoris
401 1872 638 1912 manum
690 1848 974 1909 referentia
1021 1850 1183 1910 facile
1232 1853 1756 1919 animadverterunt

151 1937 383 2003 Critici;
443 1935 495 1993 id
538 1934 731 2011 utique
774 1951 843 1989 cx
891 1934 1133 2001 voculi3‚
1176 1945 1366 2005 Αλλως,
1423 1935 1496 1993 ἐπὶ
1537 1939 1592 1996 τὸ
1633 1940 1754 2001 aii-t}

149 2020 214 2079 ὅτ
238 2017 509 2077 fimilibus
540 2016 664 2078 luce
683 2016 886 2073 clarius
915 2013 1222 2075 constabat.
1311 2019 1423 2075 His
1447 2019 1581 2078 verb
1610 2041 1752 2081 exu-

146 2101 418 2167 lantibus,
463 2115 664 2160 caetera
709 2116 815 2176 pro
851 2097 1103 2176 genuino
1133 2098 1400 2158 Rhetoris
1443 2096 1585 2161 foetu
1630 2124 1754 2163 arn-

151 2183 584 2262 plec'tebantur3
629 2195 720 2237 aut
754 2179 793 2237 si
821 2179 1084 2258 quaedam
1116 2180 1271 2259 quasi
1303 2182 1486 2240 minus
1513 2185 1756 2264 pulchra

154 2266 497 2344 respuerent,
542 2261 639 2319 vix
667 2261 784 2320 ullo
809 2276 994 2321 tamen
1036 2261 1143 2320 hoc
1173 2279 1272 2322 aut
1302 2283 1371 2321 ne
1399 2265 1495 2322 vix
1517 2264 1749 2346 quidem

155 2361 498 2426 argumento
543 2343 697 2402 fulti.
783 2343 868 2402 Ita
907 2345 1080 2422 igitur
1111 2345 1225 2404 Res
1263 2362 1397 2413 erat,
1443 2363 1614 2426 atque
1651 2354 1754 2411 eti-

157 2423 396 2500 amnum
438 2427 530 2494 est.
613 2426 831 2504 Aliqua
875 2425 1004 2484 hinc
1045 2425 1174 2485 inde
1226 2448 1323 2506 per
1359 2429 1751 2496 Enarratorem

158 2510 409 2571 nostrum
443 2507 849 2587 reprehendunt
880 2507 1269 2580 CasaubonuS‚
1314 2512 1587 2583 ValefiuS,
1632 2514 1750 2586 alii,

155 2590 334 2649 obiter
371 2593 429 2649 &
475 2591 807 2659 desultorie4
854 2591 922 2651 ad
964 2592 1202 2670 plenum
1241 2592 1376 2651 verb
1422 2594 1481 2651 &
1521 2614 1749 2657 accura-

155 2673 265 2731 tius
287 2692 517 2734 examen
550 2692 722 2734 nemo
751 2671 1017 2742 hactenus
1048 2693 1203 2745 eum,
1261 2677 1416 2753 quod
1446 2675 1636 2747 sciam,
1682 2699 1756 2740 ne

164 2754 510 2812 Clariffitnus
555 2753 785 2831 quidem
848 2754 1138 2814 Fabricius
1180 2758 1478 2821 revocavit.
1566 2760 1759 2821 Liceat

159 2838 351 2916 itaque
397 2834 535 2893 mihi
576 2837 816 2917 paucula
859 2839 1147 2915 quaedam,
1208 2857 1338 2915 quae
1381 2840 1754 2903 Commenta-

157 2917 252 2977 riis
286 2916 440 2981 hisce
486 2915 671 2994 pauli)x
702 2918 1024 2999 diligentius
1051 2921 1275 2984 excuffis
1304 2919 1753 2997 observaverarn,

157 2999 382 3058 erudito
412 2999 643 3057 Lectori
671 3001 1046 3078 expendenda
1072 2999 1354 3078 subjicere.

247 3086 279 3157 ᾗ
331 3102 382 3140 1.
425 3082 639 3140 PRIMO
682 3083 860 3160 igitur
893 3082 1317 3163 disquirendum
1359 3085 1457 3158 est,
1517 3085 1760 3149 Enarra-

162 3177 253 3233 ,tor
295 3163 390 3224 iste
432 3163 584 3245 Qis
612 3162 814 3237 fuerin·
847 3167 1003 3246 Qae
1043 3165 1126 3238 issi
1166 3167 1373 3240 Patria,
1419 3169 1597 3251 Quod
1639 3171 1757 3230 stu-

1572 3251 1756 3326 dium,

153 1123 347 1338 A
382 1115 561 1175 NNI
602 1115 725 1194 jam
766 1111 934 1191 elapsi
982 1111 1110 1172 sunt
1154 1112 1381 1178 ducenti
1421 1109 1644 1178 circiter
1681 1109 1744 1173 δε
