2083 3484
439 155 1354 218 oLYNTHIAcAM
1441 155 1512 213 11.
1676 177 1789 236 343

197 275 321 342 'tffet
348 274 415 333 ab
433 272 870 335 Atheniensibus
899 275 1072 352 quiam
1098 292 1128 329 a
1158 273 1605 333 Lacedaemoniis
1625 275 1788 332 auxi-

200 358 466 426 nandum,
497 361 566 416 ab
598 359 679 413 his
709 356 874 436 elapsi
905 360 1025 416 sunt
1058 371 1120 411 ut
1146 356 1252 413 illis
1282 355 1330 412 se
1359 353 1782 431 conjungerent.

194 439 473 498 Corinthii
506 437 741 499 minime
772 442 877 497 hoc
903 453 1055 497 erant
1088 438 1390 513 perterriti,
1449 437 1612 512 seque
1660 457 1785 514 per-

186 520 511 580 suafissimos
544 523 833 591 habenteS,
884 518 1273 585 Atheniense8‚
1326 522 1378 575 in
1430 520 1696 596 AEgypto
1725 521 1786 575 ὅτ

187 602 393 681 AEginzi
432 619 754 680 occupatOS,
789 603 854 660 ad
897 621 1106 659 novum
1155 600 1262 657 hoc
1293 601 1503 658 bellum
1537 600 1786 659 sufficere

184 704 301 742 non
325 686 499 762 poffe,
547 687 601 743 in
636 683 1050 762 Megarensium
1087 685 1224 740 fines
1257 682 1305 738 se
1338 682 1786 741 intromiserunt.

183 764 561 826 Athenienses
594 769 723 826 vero
767 787 877 824 non
935 784 1052 824 tarn
1105 764 1315 821 virium
1357 763 1578 821 suarum
1610 766 1786 842 quiin]

183 847 408 906 virtutis
439 851 548 906 stite
584 851 862 908 rationem
905 848 1238 905 habuerunt.
1326 845 1492 903 Senes
1515 847 1785 919 Juvenes-

182 948 316 1007 que,
365 934 461 1007 qui
502 930 793 992 servabant
822 929 1003 998 domi,
1057 927 1124 985 ad
1184 926 1358 985 socios
1407 928 1786 987 defendendos

184 1012 295 1070 unii
308 1013 510 1070 alacres
542 1012 777 1088 profesti
805 1010 952 1083 sunt,
976 1011 1280 1089 quaesrvere
1302 1008 1542 1079 hostem,
1566 1028 1626 1068 ac
1651 1031 1788 1089 pro·

185 1094 475 1169 fligzirunt.
566 1093 875 1152 Tourrellus.

265 1176 348 1233 Ib.
415 1177 513 1234 Καὶ
559 1175 848 1257 Μεγαρέας]
934 1175 1199 1252 Megara,
1265 1174 1488 1251 insignis
1546 1175 1788 1236 Graeciae

180 1258 338 1327 urbs»,
385 1259 587 1334 aequali
612 1257 729 1317 fere
752 1279 782 1314 a
819 1257 1101 1314 Corintho
1129 1256 1188 1314 δε
1219 1258 1460 1315 Athenis
1492 1257 1790 1317 intervallo

177 1340 360 1398 dissita
384 1360 561 1419 prope
591 1340 773 1398 finum
803 1339 1159 1396 Saronicum.
1248 1340 1385 1397 Hoc
1413 1339 1628 1397 bellum
1653 1360 1790 1399 con-

177 1425 307 1500 tigit
331 1423 641 1482 duodecim
672 1441 845 1480 annos
870 1420 990 1498 post
1014 1422 1226 1478 bellum
1257 1423 1324 1479 de
1355 1440 1470 1499 quo
1493 1424 1548 1479 in
1574 1442 1789 1497 praece-

178 1506 341 1563 denti
388 1503 516 1562 notzi
572 1504 789 1563 elisium
842 1503 939 1561 est.
1031 1502 1414 1579 Megarenses,
1484 1503 1786 1581 postquam

177 1587 549 1666 praelidiarios
573 1585 1010 1645 Atheniensium
1035 1584 1241 1643 milites
1258 1586 1642 1657 trucidffiffent,
1667 1586 1787 1644 La-

179 1670 517 1738 cedaemoni,
582 1686 645 1728 ac
711 1668 995 1727 Corintho
1034 1668 1207 1725 etiam
1268 1667 1518 1744 ipsorum
1557 1669 1788 1746 capitali

176 1750 344 1819 hosti,
386 1767 583 1810 contra
611 1771 788 1829 quern
839 1749 1219 1808 Athenienses
1257 1749 1509 1829 ipsorum
1559 1752 1785 1812 causam

175 1832 545 1911 suscepissent,
609 1833 659 1891 se
710 1831 1069 1907 conjunxere.
1177 1832 1540 1892 Athenienses
1581 1853 1784 1893 eorum

175 1931 292 1973 tam
324 1915 536 1992 perficis
555 1912 872 1975 defectione
894 1914 1196 1991 animoque
1216 1913 1355 1972 adeo
1378 1915 1603 1992 ingrato
1625 1935 1787 1974 com-

121 2002 125 2006 ’
179 1997 321 2055 moti
350 1994 612 2074 injuriam
646 1996 832 2055 ulcisci
860 1997 1244 2055 decreverunt.
1352 1997 1549 2073 Itaque
1580 1997 1788 2074 Mega·-

175 2078 431 2138 renfibus
469 2080 899 2153 denuntiziru‘nt,
944 2099 1014 2136 ne
1067 2093 1269 2137 terram
1319 2078 1515 2137 Cereri
1554 2079 1614 2136 &
1647 2081 1786 2139 Pro-

177 2162 410 2240 serpinae
461 2163 728 2220 sacratam
760 2179 956 2218 contra
1005 2159 1089 2220 fas
1120 2159 1480 2220 excolerent:
1528 2162 1643 2239 quai
1686 2163 1786 2220 ad·-

177 2244 489 2303 monitione
517 2244 844 2312 detrefftatsst,
871 2263 969 2302 eos
1010 2241 1166 2300 aditu
1199 2243 1253 2300 in
1287 2260 1485 2319 portus
1508 2244 1567 2301 ὅτ
1599 2248 1784 2323 regio-

175 2346 306 2385 nem
355 2328 569 2386 Atticae
600 2328 830 2385 decreto
861 2323 1234 2384 interdixere:
1282 2325 1451 2402 idque
1486 2327 1782 2386 decretum

174 2406 433 2466 acerbius
492 2408 707 2467 bellum
739 2408 1279 2487 Peloponnesiacum
1333 2408 1602 2466 accendit.
1689 2410 1786 2468 Ex

172 2489 422 2549 oratione
470 2490 871 2548 Demosthenis
919 2489 1237 2556 credideriS‚
1292 2489 1439 2548 bella
1471 2492 1540 2548 de
1572 2489 1786 2568 quibus

171 2572 424 2650 loqu-itur
453 2573 526 2629 ab
557 2572 908 2630 auditoribus
941 2571 1046 2629 suis
1095 2572 1258 2629 suiffe
1307 2571 1476 2645 gesta.
1565 2574 1786 2656 Hujus·

173 2655 337 2718 modi
377 2653 840 2713 Anachronismis
880 2654 963 2711 uti
1015 2654 1376 2731 Eloquentiae
1424 2655 1782 2727 conceditur,

172 2756 306 2815 quae
337 2737 443 2795 hoc
476 2735 652 2795 modo
679 2735 747 2792 ad
778 2737 1022 2811 posteros
1055 2736 1315 2795 transfert
1349 2734 1630 2814 majorum
1657 2740 1782 2798 suo-

171 2837 303 2877 rum
324 2818 588 2898 gloriam.
676 2819 914 2896 Optima
941 2820 1016 2876 est
1039 2816 1160 2875 haec
1191 2820 1329 2876 ratio
1351 2819 1404 2875 in
1437 2818 1657 2879 animos
1681 2823 1783 2880 ho-

174 2901 400 2959 minum
433 2901 482 2958 se
511 2899 849 2970 insinuandi,
896 2900 1081 2978 adque
1113 2901 1346 2959 intimos
1371 2900 1606 2962 affeetus
1637 2905 1786 2967 reela

171 2981 264 3039 vizi
295 2983 523 3041 incedit.
613 2982 864 3040 Nullum
897 3002 998 3040 nos
1034 2983 1108 3039 ita
1136 3000 1329 3041 movet
1357 2985 1688 3065 exemplum
1723 3005 1786 3045 ut

173 3063 421 3123 nostrum
445 3090 463 3131 ;
518 3063 764 3140 nihilque
792 3064 869 3122 est
898 3064 1055 3142 quod
1076 3064 1201 3141 quis
1231 3079 1477 3141 tantum,
1499 3085 1782 3148 quantum

171 3145 554 3227 semetipsum,
579 3147 781 3207 imitari
812 3145 1027 3226 gestiat.
1076 3144 1228 3210 Ide‘m.
