2083 3484
561 64 1423 131 ARGUMENTum.
1693 88 1816 155 199

184 177 470 266 procefflt‚
506 192 576 242 ut
607 199 717 244 non
749 200 809 240 eo
839 197 1068 239 nomine
1112 172 1417 240 duntaxat
1448 175 1811 261 acciperent,

167 271 294 357 fid
308 270 558 360 prorsus
591 291 810 333 omnem
837 265 1150 354 pecuniam
1180 265 1482 368 publicam
1515 265 1817 352 dssribue-

193 377 354 428 rent.
490 359 654 426 Unde
707 358 883 423 etiam
945 354 1032 420 ad
1073 356 1355 423 militiam
1395 359 1616 445 segnes
1641 361 1819 445 fatti

169 454 377 541 stent:
428 475 598 541 quam
631 451 781 516 enim
823 448 1133 535 pecuniam
1181 449 1314 514 olim
1347 465 1600 539 propter
1640 464 1818 539 expe-

194 543 442 610 ditiones
474 567 504 608 e
513 539 803 633 publico
776 564 837 604 111
853 539 1217 627 stipendium
1250 541 1639 629 accipiebant,
1694 566 1821 607 eam

197 650 326 702 tum
369 636 434 700 in
463 631 825 722 speetaculi}
854 631 924 695 {9⁹
949 631 1131 718 festis
1182 631 1338 697 demi
1350 632 1817 721 partiebantur.

198 726 501 793 Nolebant
524 724 719 813 igitur
740 746 879 810 jam
902 723 1126 810 egredi
1179 726 1249 789 δέ’
1260 725 1479 810 ficbzre
1500 726 1818 814 periscula

176 818 296 907 sed
319 818 596 906 &legem
619 815 953 919 sciverant
995 814 1063 880 de
1088 817 1392 882 theatrali
1428 818 1542 882 hac
1565 817 1828 906 pecunia

201 934 336 1000 quae
384 923 625 974 mortem
674 905 1074 973 minitaretur
1122 911 1177 973 ei
1204 933 1261 996 q
1241 909 1309 973 ui
1331 924 1514 975 autor
1546 908 1701 996 estet,
1751 924 1823 974 ut

201 1025 271 1066 ea
323 1001 386 1064 in
438 1013 695 1065 veterem
750 999 1007 1064 ordinem
1074 1016 1317 1090 reponer
1318 1014 1455 1067 etur
1456 1050 1476 1078 ,
1523 1002 1618 1085 fie
1618 1017 1825 1089 retque

197 1090 502 1159 militaris.
594 1092 799 1176 Qare
842 1092 1254 1180 Demosthenes
1285 1092 1465 1158 caute
1496 1093 1651 1158 hanc
1690 1118 1822 1159 con-

178 1183 317 1274 silii
349 1197 598 1272 partem
640 1183 934 1270 attinget,
990 1185 1174 1271 seque
1244 1184 1361 1273 ipse
1418 1185 1826 1273 interrogans,

203 1274 370 1342 Tune
393 1273 592 1360 jubes,
643 1290 715 1339 ut
763 1275 891 1339 haec
942 1275 1226 1340 militaris
1254 1277 1424 1360 fiat.
1414 1276 1446 1326 9
1501 1277 1825 1365 respondet,

207 1366 463 1434 Minime
492 1365 633 1432 verb
673 1366 950 1452 equidem
1042 1371 1255 1456 Atque
1285 1369 1411 1433 haec
1434 1367 1502 1432 de
1533 1369 1834 1433 theatrali

195 1457 477 1561 pecunia.
569 1457 835 1544 Differit
877 1472 1085 1523 orator
1134 1461 1312 1524 etiam
1361 1459 1430 1524 de
1459 1458 1704 1524 urbanis
1736 1484 1828 1524 co-

195 1549 366 1639 piis:
429 1573 450 1612 1
438 1547 556 1637 ‘psts
608 1548 839 1614 civibus
885 1547 983 1639 effe
1034 1549 1430 1629 militandum,
1478 1576 1614 1628 non,
1641 1552 1839 1642 sicuti

181 1639 484 1729 filebant,
522 1653 641 1729 per
690 1640 906 1707 milites
924 1644 1276 1732 peregrinos
1306 1659 1463 1735 opem
1475 1644 1827 1731 ferendam,

205 1735 456 1821 ceiffens,
505 1756 631 1797 eam
683 1734 838 1800 enim
887 1737 1118 1823 cazffam
1172 1737 1270 1827 effe
1315 1734 1545 1825 astent,
1595 1761 1707 1803 cur
1732 1761 1828 1802 res

212 1824 365 1891 male
387 1839 672 1916 geratur.

965 3089 1036 3155 N
1086 3112 1128 3171 4
1514 3095 1859 3162 ARGU-
