2083 3484
421 206 1329 272 OLYNTHIACAM
1416 207 1521 265 ΙΙΙ.
1662 223 1776 283 373

246 325 333 384 Ib.
383 326 422 384 l.
475 348 529 384 2.
572 327 692 405 Πρὸς
722 320 979 397 Αρόμὲαν]
1025 320 1336 395 ArymbaS,
1380 318 1489 377 {ive
1535 318 1781 391 ArybaS,

167 407 387 466 Alcetae
417 407 821 472 Molossorum,
868 404 977 461 five
1009 402 1188 477 Epiri,
1232 402 1404 479 Regis
1456 400 1605 458 filius
1642 416 1780 464 erat,

163 489 449 567 fraterque
497 487 889 567 Neoptolemi,
939 482 1094 561 cujus
1139 500 1329 540 natam
1368 482 1781 557 Olympiadem

164 571 462 649 Philippus
507 588 745 628 uxorem
804 565 986 623 duxit.
1072 566 1311 622 Mortuo
1362 564 1589 629 Alema,
1643 562 1779 620 inter

164 651 367 710 fratres
423 653 715 711 contentio
760 665 879 706 orta
927 645 1005 704 est
1060 647 1128 703 de
1178 647 1416 722 imperio
1461 644 1783 703 dividendo·

165 735 454 811 Arymbas
479 732 570 808 jus
603 731 804 809 prioris
833 730 983 786 ortsis
1014 725 1300 794 afferebat,
1347 743 1468 786 tum
1501 727 1633 785 vero
1663 745 1791 802 reg-

167 817 225 872 ni
270 816 757 882 consuetudinem,
788 812 879 869 cui
922 831 988 868 ex
1025 811 1184 867 omni
1237 810 1505 866 memoria
1554 824 1790 866 fetatum

167 917 319 955 unus
350 897 746 954 tantummodo
791 894 908 949 Rex
939 891 1134 950 fuerat.
1196 891 1283 948 Ut
1315 891 1500 958 hodie,
1547 892 1623 948 ita
1652 908 1789 950 tunc

165 981 338 1036 etiam
369 980 602 1036 rationes
635 974 1040 1053 impotentium
1074 991 1226 1029 arma
1255 989 1432 1039 erant,
1472 974 1793 1050 partimque

173 1077 373 1118 contra
396 1058 556 1118 densa
588 1058 832 1115 militum
865 1057 1094 1132 agmina
1125 1054 1404 1112 valebant.
1482 1053 1800 1129 Neoptole-

176 1162 306 1199 mus
334 1140 383 1197 se
414 1139 792 1218 potentiorem
823 1139 929 1195 effe
953 1136 1133 1203 sensit,
1158 1136 1431 1212 lentisque
1457 1134 1798 1192 ratiocinati„

172 1224 382 1281 onibus
406 1222 634 1280 detineri
670 1220 870 1277 noluit.
915 1217 1247 1292 Praecipuus
1278 1219 1347 1286 ei,
1380 1237 1441 1274 ac
1465 1217 1651 1294 potitis
1677 1217 1799 1273 uni-

175 1323 292 1372 ωε,
325 1303 529 1362 titulus
569 1320 686 1361 erat
729 1300 914 1380 generi
945 1299 1027 1358 sui
1059 1300 1307 1378 Philippi
1339 1299 1642 1356 auxilium:
1696 1299 1798 1375 qui

181 1387 418 1445 minime
458 1386 505 1444 ei
551 1384 752 1453 defuit,
804 1383 972 1459 idque
1004 1381 1233 1439 tandem
1265 1380 1470 1449 effecit,
1508 1397 1595 1453 ut,
1641 1380 1800 1437 circi-

176 1485 259 1527 ter
288 1483 399 1527 tres
432 1487 608 1525 annos
641 1483 768 1523 ante
801 1465 1047 1522 habitam
1083 1463 1223 1520 hane
1253 1461 1645 1520 Demosthenis
1673 1480 1799 1518 ora-

174 1551 411 1619 tionem,
448 1547 730 1626 Arymbas
779 1565 1021 1621 regnum
1054 1544 1215 1602 suum
1250 1563 1382 1601 cum
1417 1543 1807 1621 Neoptolemo

175 1632 371 1709 partiri
400 1647 728 1708 cogeretur:
773 1626 934 1703 cujus
980 1628 1061 1685 rei
1102 1626 1321 1684 nullum
1354 1645 1634 1704 unquam,
1679 1623 1802 1701 jam

181 1714 313 1773 inde
342 1735 372 1771 a
397 1712 679 1791 “principio
708 1709 824 1790 ejus
852 1709 1070 1786 imperii
1104 1730 1134 1766 a
1165 1709 1385 1784 Pyrrho
1408 1708 1652 1765 Achillis
1682 1706 1804 1764 filio

174 1796 425 1865 fundati,
453 1794 777 1872 exemplum
808 1793 1086 1850 extiterat.
1159 1790 1404 1847 Primam
1437 1790 1580 1848 hanc
1608 1786 1803 1868 injuri-

178 1898 270 1937 am
317 1879 543 1954 gravior
579 1878 820 1935 insecuta
868 1875 966 1932 est.
1051 1872 1295 1930 Mortuo
1334 1872 1483 1931 enim
1541 1871 1805 1948 Arymba

180 1960 449 2037 [Olymp.
484 1978 613 2037 109.
647 1978 774 2015 ann.
800 1958 883 2034 3.]
927 1973 1041 2014 tam
1077 1957 1213 2013 bene
1244 1953 1508 2030 Philippo
1539 1952 1804 2012 successe·

175 2062 236 2101 re
262 2040 381 2118 ejus
412 2042 506 2099 vel
537 2043 704 2098 minae
737 2042 825 2097 vel
860 2037 1141 2103 versutiae‚
1175 2052 1238 2093 ut
1270 2037 1500 2093 Moloffi
1528 2036 1801 2095 I-Eaciden

177 2125 463 2202 Arymbae
496 2124 676 2181 filium
731 2142 792 2179 ac
835 2120 1160 2198 legitimum
1195 2119 1475 2176 haeredem
1507 2119 1804 2195 pellerent,

178 2207 235 2264 δε
275 2205 666 2263 Alexandrum
702 2204 884 2261 filium
911 2201 1285 2280 Neoptolemi
1324 2199 1497 2257 totius
1531 2200 1691 2278 Epiri
1723 2200 1757 2257 s<
1781 2234 1807 2245 -

180 2289 302 2346 lum
354 2307 541 2366 regem
591 2287 1013 2345 constituerent.
1101 2282 1355 2357 Justinus
1406 2283 1460 2339 in
1493 2283 1583 2340 sua
1618 2284 1806 2360 Trogi

182 2369 454 2449 Epitome
494 2371 635 2427 hanc
658 2366 1050 2446 genealogiam
1088 2366 1330 2433 mutilat,
1355 2381 1418 2420 ac
1448 2361 1638 2421 seriem
1668 2383 1808 2421 con-

182 2452 408 2511 fundit:
456 2470 587 2527 quae
637 2451 866 2529 quidem
899 2449 1065 2525 culpa
1097 2446 1371 2523 plerisque
1401 2444 1808 2504 abbreviatori-

185 2536 291 2592 bus
322 2533 642 2591 communis
681 2530 779 2599 est,
810 2530 907 2607 qui
937 2527 1217 2606 profesto,
1268 2544 1331 2584 ut
1364 2527 1652 2606 ignaviam
1684 2527 1808 2585 sub-.

184 2617 391 2683 levent,
418 2615 798 2690 ignorantiam
825 2610 1004 2669 alunt.
1093 2609 1419 2667 Alexander
1443 2611 1657 2686 primus
1691 2611 1810 2668 Ne-

184 2698 460 2775 optolemi
519 2695 734 2773 antiqui
813 2695 985 2762 filius,
1035 2692 1397 2770 Philippique
1467 2712 1580 2748 non
1634 2690 1812 2753 solum

188 2781 379 2836 uxoris
409 2777 598 2847 frater,
629 2776 721 2835 sed
748 2797 933 2860 ⁸gener
961 2777 1158 2844 etiam,
1190 2771 1354 2850 cujus
1387 2793 1588 2851 nempe
1620 2792 1810 2835 natam

188 2862 554 2937 Cleopatram
610 2877 844 2917 uxorem
890 2859 1073 2925 duxit,
1121 2855 1296 2914 Italiae
1339 2856 1554 2913 bellum
1600 2857 1811 2929 intulit,

190 2944 383 3020 ibique
421 2941 573 2999 diem
617 2941 756 2998 obiit
787 2939 1130 3017 supremum.
1217 2937 1346 2995 Post
1384 2957 1513 2994 eum
1545 2939 1818 3010 AEacides

190 3026 258 3083 ad
293 3023 572 3100 majorum
600 3020 796 3080 solium
822 3021 1049 3079 eveetus
1077 3021 1131 3076 in
1153 3019 1332 3098 Epiro
1362 3019 1506 3077 solus
1531 3025 1817 3098 regnavit„

190 3125 547 3183 regnumque
593 3105 711 3163 filio
739 3103 836 3161 suo
875 3104 1123 3182 reliquit,
1157 3101 1377 3178 Pyrrho
1413 3102 1491 3159 illi
1524 3104 1578 3159 in
1614 3103 1814 3174 Histo-

193 3189 270 3250 ria
317 3186 574 3264 Romana
602 3204 720 3246 tam
763 3185 1007 3253 celebri‚'
1034 3185 1343 3264 magnique
1392 3183 1702 3254 Alexandri
1733 3186 1816 3245 fi]-

869 3270 928 3335 A
959 3288 990 3327 a
1022 3287 1052 3346 3
1660 3270 1825 3337 brinta
