2083 3484
132 153 246 226 343
577 144 1159 206 NoTAEIN

132 275 308 337 petua
364 258 609 334 tyrannis
665 257 758 314 illa
804 257 933 328 fuit,
987 273 1083 316 aut
1108 256 1254 315 certe
1284 259 1620 334 waooeva‘ymi:
1669 253 1728 311 δε

137 342 260 399 haec
289 340 539 418 exceptio
571 359 681 397 non
714 338 875 398 decet
897 341 1260 398 laudatorem.

221 423 367 481 Ibid.
411 426 534 482 Πέιῖἶε
566 425 680 479 δῖε.
712 424 912 501 iachim]
958 425 1011 480 A
1059 438 1263 498 quarto
1303 442 1450 479 anno
1483 422 1734 497 Olymp-

137 505 314 584 piadis
349 523 446 579 75.
476 506 543 560 ad
573 503 874 562 seeundum
906 504 1269 581 oetogefimae
1289 505 1531 582 quintae.
1580 502 1737 559 Post-

132 608 306 665 quam
340 585 527 643 Graeci
573 604 641 644 ex
669 588 872 664 pugnis
902 587 1203 644 Salaminia
1232 585 1285 642 δε
1340 583 1622 643 Plataeenfi
1654 584 1740 639 di..

143 671 416 737 dicissent,
442 666 578 745 quid
607 668 782 725 virtus
802 689 864 726 ac
879 669 1172 746 disciplina
1191 686 1386 726 contra
1420 664 1738 724 multitudi-

144 771 274 811 nem
308 751 543 828 possent,
588 751 815 808 consilia
846 749 1010 808 iniere
1040 750 1336 830 quomodo
1357 749 1615 808 adversus
1645 767 1742 803 no-

143 855 216 892 va
233 832 528 892 Persarum
549 834 690 910 regis
721 833 1018 891 molimina
1040 834 1092 890 se
1118 833 1547 911 praemunirent.
1577 830 1744 886 Una-

145 933 392 994 quaeque
422 915 662 975 Graeciae
693 917 824 972 urbs
856 915 1132 992 fingulare
1163 915 1599 992 quodammodo
1632 913 1745 969 im-

148 997 368 1077 perium
393 1013 530 1054 erat.
617 996 940 1055 Multitudo
979 998 1191 1054 ducum
1227 998 1404 1054 multa
1436 998 1617 1056 secum
1651 1013 1746 1051 ne·

147 1078 372 1139 ceffario
400 1077 506 1136 fert
542 1076 906 1135 incommoda
934 1099 947 1136 :
990 1078 1110 1134 haec
1164 1081 1340 1156 igitur
1369 1094 1433 1136 ut
1462 1095 1748 1157 praeeave-

146 1178 292 1234 rent,
315 1157 645 1217 constituere
674 1178 853 1215 unum
886 1159 1060 1216 totius
1092 1161 1329 1217 nationis
1348 1163 1750 1235 imperatorem

151 1245 382 1320 eligere,
429 1241 598 1319 idque
628 1259 833 1299 munus
863 1260 1058 1299 omnes
1087 1241 1156 1298 ad
1191 1242 1513 1300 Pausaniam
1571 1241 1751 1298 Lace-

153 1326 573 1385 daemoniorum
631 1342 819 1401 regem
880 1325 1169 1381 unanimes
1223 1325 1561 1384 detulerunt.
1650 1323 1756 1380 1130

154 1410 283 1466 Rex
304 1407 462 1465 brevi
491 1406 690 1464 abusus
722 1404 821 1474 est,
849 1405 1032 1484 eoque
1060 1409 1311 1483 proceffit
1335 1424 1400 1465 ut
1419 1411 1587 1466 etiam
1620 1423 1752 1461 cum

159 1489 336 1548 Persis
359 1485 761 1548 clandestinum
798 1487 1032 1546 haberet
1069 1489 1358 1548 confilium
1404 1490 1646 1550 Graeciae
1694 1492 1758 1550 iis

155 1570 551 1648 subjugandae,
601 1569 701 1626 hac
743 1569 944 1627 scilicet
984 1570 1324 1638 conditione,
1372 1590 1435 1630 ut
1476 1594 1603 1634 eam
1655 1577 1759 1635 fibi

155 1652 409 1735 praefetffti
447 1653 674 1710 nomine
731 1653 1079 1728 provinciam
1138 1654 1562 1716 nancisceretur.
1649 1659 1762 1717 Ita-

154 1756 273 1816 que
294 1754 428 1794 eum
458 1736 716 1814 Spartani
764 1750 1115 1804 revocarunt,
1165 1737 1223 1794 &
1256 1737 1603 1817 principatus
1635 1763 1766 1818 per-

157 1817 301 1888 taesi,
331 1819 433 1895 qui
475 1836 633 1895 reges
674 1815 798 1873 suos
828 1818 1071 1875 efficeret
1111 1835 1404 1894 tyrannm,
1454 1843 1583 1888 eum
1615 1826 1769 1883 ultro

164 1903 234 1961 ad
270 1898 639 1957 Athenienses
660 1898 995 1957 transtulere.
1081 1902 1168 1959 Hi
1188 1902 1442 1960 delatum
1465 1906 1725 1984 accepere
1749 1930 1761 1963 :

167 1983 505 2058 nullumque
536 1998 660 2039 tum
711 1984 974 2057 temporis
1005 1982 1296 2041 confilium
1329 2005 1552 2064 coepere
1582 1990 1678 2047 nisi
1711 1992 1767 2046 in

169 2066 521 2145 generalibus
575 2065 950 2122 conventibus
1008 2067 1078 2123 ad
1118 2067 1336 2125 Delum
1371 2071 1595 2129 habitis.
1680 2072 1768 2129 Ibi

168 2147 510 2206 definierunt
535 2146 677 2222 quid
705 2145 935 2222 lingulae
958 2151 1118 2205 urbes
1144 2150 1211 2207 ad
1233 2169 1598 2210 communem
1636 2173 1770 2210 cau-

169 2232 284 2291 sam
328 2228 765 2306 promovendam
793 2227 1134 2289 conferrent:
1191 2252 1322 2306 quae
1354 2250 1542 2292 tamen
1571 2255 1771 2293 omnes
1807 2238 1810 2239 ⁷

168 2312 281 2371 suis
331 2313 551 2388 legibus
619 2311 1103 2388 gubernabantur.
1193 2314 1280 2372 Ut
1337 2316 1512 2373 verbo
1566 2318 1777 2387 dicam,

170 2391 541 2455 Athenienses
599 2395 770 2469 usque
823 2395 891 2451 ad
950 2394 1165 2452 bellum
1233 2397 1777 2475 Peloponnesiacum

172 2476 557 2556 principatum
592 2475 668 2532 ita
717 2492 1038 2544 tenuerunt,
1077 2493 1138 2533 ut
1181 2498 1250 2536 ex
1297 2478 1547 2556 ipsorum
1593 2480 1782 2540 studio.

178 2560 356 2618 solum
385 2559 629 2614 muneris
662 2556 738 2614 sui
779 2578 915 2616 cum
941 2559 1214 2636 dignitate
1243 2561 1589 2639 adimplendi
1611 2564 1778 2622 intel-

179 2642 465 2718 ligeretur„
493 2641 706 2717 quique
728 2639 1019 2698 inferiores
1034 2658 1210 2712 erant,
1240 2644 1572 2720 aequalitatis
1586 2660 1779 2704 tamen

181 2722 610 2782 similitudinem
653 2722 928 2799 reliquam
970 2724 1259 2782 haberent.
1345 2725 1545 2802 Itaque
1593 2726 1783 2786 clades

183 2800 411 2874 XerxiS,
472 2821 636 2881 atque
666 2804 888 2862 initium
949 2805 1081 2862 beili
1139 2807 1599 2887 Peloponnefiaci
1653 2810 1788 2867 duae

182 2887 308 2946 sunt
366 2887 639 2963 Epochae‚
691 2906 822 2965 quae
877 2887 1253 2965 quadraginta
1302 2891 1554 2968 quinque
1610 2911 1788 2949 annos

184 2969 656 3044 complectuntur,
700 2969 913 3045 quibus
945 2971 1314 3030 Athenienses
1343 2975 1649 3052 imperium
1679 2975 1787 3032 ob.-

187 3050 406 3109 tinuere
452 3052 506 3106 in
558 3052 791 3109 Graecos
842 3052 1036 3129 sponte
1065 3054 1154 3111 sua
1197 3053 1468 3114 subditos,
1555 3055 1789 3115 Etenim

192 3132 315 3210 post
346 3131 561 3193 bellurn
586 3133 1144 3218 Peloponnesiacum,
1176 3135 1414 3200 Athenis
1443 3137 1639 3218 iniquo
1669 3137 1788 3197 ani-

1689 3237 1790 3282 mu
