2083 3484
1070 209 1344 290 [276]

588 621 736 745 N
939 622 1061 745 O
1260 619 1409 747 T
1607 624 1795 749 AE

911 935 1003 998 IN
1080 936 1554 998 PRIMAM

387 1199 1983 1359 oLYNTHIACAM.

618 1499 1061 1569 LYNTHUS,
1131 1498 1397 1558 Thraciae
1446 1499 1600 1569 urbS‚
1666 1499 1721 1558 in
1782 1502 1988 1560 Penin-

389 1504 612 1726 Ο
659 1584 773 1643 sula
799 1584 1056 1641 Pallenes
1072 1581 1168 1640 fita
1191 1582 1290 1651 est,
1318 1583 1460 1640 inter
1473 1583 1675 1641 Sinum
1692 1583 1987 1642 Theffalo·

661 1666 853 1724 nicum
874 1665 1307 1722 &Toroneum
1323 1663 1518 1722 Plures
1541 1665 1589 1722 ei
1604 1683 1736 1722 cum
1758 1667 1987 1741 Amyn-

388 1765 446 1808 ta
469 1748 725 1828 Philippi
750 1763 908 1824 patre
927 1748 1318 1808 ¹contentiones
1343 1744 1730 1804 interfuerant.
1764 1746 1986 1824 Philip-

270 1857 278 1859 *
388 1849 465 1907 po
500 1832 694 1900 etiam,
726 1849 906 1908 quum
939 1828 1246 1905 imperium
1277 1826 1541 1903 ingressus
1573 1829 1721 1899 esset,
1753 1830 1988 1888 obstite-

388 1927 494 1971 rat.
579 1913 740 1971 Diod.
803 1912 838 1973 l.
869 1930 966 1968 xv.
1001 1910 1120 1986 Isoc.
1178 1911 1235 1968 in
1268 1910 1504 1968 Archid.
1538 1909 1599 1968 &
1629 1911 1847 1989 Paneg.
1932 1913 1986 1969 Is

387 2011 577 2054 tamen
603 1994 907 2053 iracundiae
926 1992 1036 2050 suae
1059 1993 1218 2051 initio
1244 2012 1357 2051 non
1389 1993 1596 2069 paruit,
1621 1992 1706 2051 sed
1730 1993 1759 2052 ὲ
1789 2009 1989 2052 contra

388 2077 654 2135 amicitiae
685 2077 904 2134 indiciis
947 2074 1191 2133 maxime
1237 2072 1550 2142 fallacibu3‚
1577 2094 1690 2144 ρος,
1742 2094 1884 2153 quos
1916 2077 1986 2134 ad

389 2159 609 2217 cladem
627 2158 957 2225 destinabat,
985 2156 1274 2236 consopire
1302 2156 1548 2216 studuit:
1582 2157 1766 2235 eoque
1787 2159 1986 2216 certio·

388 2259 504 2299 rem
537 2240 638 2298 fibi
667 2239 910 2300 reddidit
932 2238 1264 2308 vindistam,
1291 2238 1411 2318 quo
1436 2238 1648 2297 tardius
1682 2254 1854 2317 atque
1884 2260 1986 2298 oc·
2056 2289 2058 2291 .

389 2322 595 2380 cultius
618 2320 977 2401 procedebat.
1065 2320 1330 2378 Tandem
1355 2320 1678 2396 Olynthum
1694 2320 1985 2380 obfidione
2072 2337 2077 2341 ·

386 2403 585 2483 cingit,
606 2419 772 2481 atque
803 2403 911 2461 hoc
941 2401 1076 2460 illud
1099 2402 1179 2461 est
1222 2401 1378 2479 quod
1408 2403 1586 2461 tribus
1626 2403 1985 2479 Olynthiacis

389 2486 687 2544 materiam
718 2485 986 2578 praespuit.
1072 2484 1199 2543 Has
1236 2505 1350 2563 ego
1377 2484 1583 2543 eodem
1616 2485 1832 2554 ordine,
1864 2506 1984 2566 quo
2063 2548 2066 2553 ,

385 2567 691 2646 Dionysius
723 2566 1176 2627 Hahcarnasseus
1195 2567 1351 2646 Epp.
1379 2567 1450 2624 ad
1481 2568 1689 2626 Amm.
1720 2567 1938 2628 colloco
1963 2597 1984 2638 ς,

387 2651 559 2728 eique
589 2649 704 2725 ipsa
746 2649 892 2707 ratio
923 2647 1273 2727 suffragatur.
1358 2650 1632 2729 Namque
1660 2650 1821 2707 initio
1861 2649 1982 2728 ejus

384 2732 769 2810 Olynthiacae,
794 2749 965 2809 quam
984 2749 1096 2808 ego
1110 2730 1353 2808 primam
1375 2729 1545 2800 facie,
1570 2730 1776 2790 Orator
1799 2735 1983 2792 Athe·-

385 2813 673 2873 nienfibus
707 2813 875 2872 instat
902 2813 974 2869 de
1003 2811 1219 2870 foedere
1260 2814 1375 2872 cito
1404 2831 1536 2872 cum
1569 2813 1862 2890 Olynthiis
1893 2815 1980 2874 in-

383 2895 572 2954 eundo
601 2922 617 2963 3
650 2896 705 2954 in
734 2895 958 2953 duabus
983 2909 1179 2952 autem
1212 2896 1434 2973 reliquis
1464 2897 1523 2953 id
1547 2895 1741 2955 foedus
1774 2897 1979 2956 initum

384 2977 667 3054 supponit,
724 2978 892 3055 inque
921 2976 978 3034 id
1017 2975 1196 3034 solum
1247 2978 1552 3049 incumbit,
1605 2994 1665 3037 ut
1720 2975 1980 3038 ostendat
2050 3050 2055 3052 -

386 3059 558 3137 quarn
593 3060 800 3118 necesse
841 3058 926 3127 fit,
955 3076 1090 3134 quae
1111 3077 1179 3117 ex
1220 3078 1287 3116 eo
1311 3060 1647 3118 tenebantur
1677 3057 1883 3128 facere,
1915 3076 1979 3119 ut

385 3140 613 3202 faciant.
646 3138 1068 3220 Consequentia
1093 3141 1278 3200 cuivis
1318 3139 1484 3202 facile
1510 3142 1749 3222 patebit.
1812 3140 1978 3199 Tour-

374 3221 547 3280 rellus.

1676 3353 1694 3363 ,
1708 3300 1832 3362 ΝΟ
1841 3304 1979 3380 TAE
