<?xml version="1.0" encoding="UTF-8"?>
<!DOCTYPE html PUBLIC "-//W3C//DTD XHTML 1.0 Transitional//EN"
    "http://www.w3.org/TR/xhtml1/DTD/xhtml1-transitional.dtd">
<html xmlns="http://www.w3.org/1999/xhtml" xml:lang="en" lang="en">
 <head>
  <title>
</title>
<meta http-equiv="Content-Type" content="text/html;charset=utf-8" />
  <meta name='ocr-system' content='tesseract 3.04.00' />
  <meta name='ocr-capabilities' content='ocr_page ocr_carea ocr_par ocr_line ocrx_word'/>
</head>
<body>
  <div class='ocr_page' id='page_1' title='image "./demosthenouslogo00demo_0354.png"; bbox 0 0 2083 3484; ppageno 0'>
   <div class='ocr_carea' id='block_1_1' title="bbox 122 188 1804 3346">
    <p class='ocr_par' dir='ltr' id='par_1_1' title="bbox 122 188 1804 3020">
     <span class='ocr_line' id='line_1_1' title="bbox 193 188 1289 266; baseline 0.005 -12"><span class='ocrx_word' id='word_1_1' title='bbox 193 204 305 266; x_wconf 80' lang='lat'>302</span> <span class='ocrx_word' id='word_1_2' title='bbox 689 189 750 255; x_wconf 85' lang='lat' dir='ltr'>N</span> <span class='ocrx_word' id='word_1_3' title='bbox 797 194 853 255; x_wconf 89' lang='lat' dir='ltr'>O</span> <span class='ocrx_word' id='word_1_4' title='bbox 896 194 954 255; x_wconf 88' lang='lat' dir='ltr'>T</span> <span class='ocrx_word' id='word_1_5' title='bbox 995 188 1072 258; x_wconf 80' lang='lat' dir='ltr'>AE&#39;</span> <span class='ocrx_word' id='word_1_6' title='bbox 1157 192 1184 258; x_wconf 88' lang='lat'>1</span> <span class='ocrx_word' id='word_1_7' title='bbox 1228 188 1289 260; x_wconf 64' lang='lat' dir='ltr'>N</span> 
     </span>
     <span class='ocr_line' id='line_1_2' title="bbox 188 305 1803 396; baseline 0.009 -35"><span class='ocrx_word' id='word_1_8' title='bbox 188 320 305 364; x_wconf 87' lang='lat' dir='ltr'>arte</span> <span class='ocrx_word' id='word_1_9' title='bbox 327 305 550 384; x_wconf 82' lang='lat' dir='ltr'>suaeque</span> <span class='ocrx_word' id='word_1_10' title='bbox 570 310 752 386; x_wconf 84' lang='lat' dir='ltr'>gentis</span> <span class='ocrx_word' id='word_1_11' title='bbox 782 310 839 368; x_wconf 89' lang='lat' dir='ltr'>in</span> <span class='ocrx_word' id='word_1_12' title='bbox 875 308 1156 369; x_wconf 67' lang='lat' dir='ltr'>Thessalia</span> <span class='ocrx_word' id='word_1_13' title='bbox 1187 309 1491 388; x_wconf 82' lang='lat' dir='ltr'>imperium</span> <span class='ocrx_word' id='word_1_14' title='bbox 1523 310 1604 373; x_wconf 88' lang='lat' dir='ltr'>est</span> <span class='ocrx_word' id='word_1_15' title='bbox 1633 318 1803 396; x_wconf 78' lang='lat' dir='ltr'>adep-²</span> 
     </span>
     <span class='ocr_line' id='line_1_3' title="bbox 191 390 1798 476; baseline 0.009 -33"><span class='ocrx_word' id='word_1_16' title='bbox 191 401 302 446; x_wconf 80' lang='lat' dir='ltr'>tus,</span> <span class='ocrx_word' id='word_1_17' title='bbox 348 390 509 468; x_wconf 79' lang='lat' dir='ltr'>Qid</span> <span class='ocrx_word' id='word_1_18' title='bbox 543 391 833 469; x_wconf 80' lang='lat' dir='ltr'>Clisopho,</span> <span class='ocrx_word' id='word_1_19' title='bbox 891 394 987 467; x_wconf 82' lang='lat' dir='ltr'>qui</span> <span class='ocrx_word' id='word_1_20' title='bbox 1021 412 1222 451; x_wconf 86' lang='lat' dir='ltr'>ornnes</span> <span class='ocrx_word' id='word_1_21' title='bbox 1257 395 1418 467; x_wconf 73' lang='lat' dir='ltr'>plane</span> <span class='ocrx_word' id='word_1_22' title='bbox 1448 401 1798 476; x_wconf 75' lang='lat' dir='ltr'>exuperavit‚</span> 
     </span>
     <span class='ocr_line' id='line_1_4' title="bbox 191 468 1801 556; baseline 0.009 -31"><span class='ocrx_word' id='word_1_23' title='bbox 191 486 265 526; x_wconf 84' lang='lat' dir='ltr'>ex</span> <span class='ocrx_word' id='word_1_24' title='bbox 292 468 354 528; x_wconf 71' lang='lat' dir='ltr'>ea</span> <span class='ocrx_word' id='word_1_25' title='bbox 378 472 557 541; x_wconf 87' lang='lat' dir='ltr'>rediit,</span> <span class='ocrx_word' id='word_1_26' title='bbox 592 473 869 549; x_wconf 66' lang='lat' dir='ltr'>‚equidem</span> <span class='ocrx_word' id='word_1_27' title='bbox 901 475 1124 552; x_wconf 83' lang='lat' dir='ltr'>ignoro,</span> <span class='ocrx_word' id='word_1_28' title='bbox 1213 476 1413 534; x_wconf 80' lang='lat' dir='ltr'>Illead</span> <span class='ocrx_word' id='word_1_29' title='bbox 1466 480 1801 556; x_wconf 81' lang='lat' dir='ltr'>magistrum</span> 
     </span>
     <span class='ocr_line' id='line_1_5' title="bbox 192 553 1800 630; baseline 0.004 -18"><span class='ocrx_word' id='word_1_30' title='bbox 192 554 357 613; x_wconf 85' lang='lat' dir='ltr'>suum</span> <span class='ocrx_word' id='word_1_31' title='bbox 391 553 623 630; x_wconf 78' lang='lat' dir='ltr'>{iugulis</span> <span class='ocrx_word' id='word_1_32' title='bbox 651 557 707 612; x_wconf 88' lang='lat' dir='ltr'>in</span> <span class='ocrx_word' id='word_1_33' title='bbox 737 554 899 614; x_wconf 84' lang='lat' dir='ltr'>rebus</span> <span class='ocrx_word' id='word_1_34' title='bbox 950 559 1192 615; x_wconf 85' lang='lat' dir='ltr'>fideliter</span> <span class='ocrx_word' id='word_1_35' title='bbox 1239 557 1581 616; x_wconf 77' lang='lat' dir='ltr'>imitandum</span> <span class='ocrx_word' id='word_1_36' title='bbox 1615 578 1800 621; x_wconf 83' lang='lat' dir='ltr'>totum·</span> 
     </span>
     <span class='ocr_line' id='line_1_6' title="bbox 188 634 1804 721; baseline 0.006 -28"><span class='ocrx_word' id='word_1_37' title='bbox 188 634 243 695; x_wconf 83' lang='lat' dir='ltr'>se</span> <span class='ocrx_word' id='word_1_38' title='bbox 269 634 606 714; x_wconf 82' lang='lat' dir='ltr'><strong>composuit.</strong></span> <span class='ocrx_word' id='word_1_39' title='bbox 658 637 851 715; x_wconf 88' lang='lat' dir='ltr'>Itaque</span> <span class='ocrx_word' id='word_1_40' title='bbox 878 641 1141 697; x_wconf 85' lang='lat' dir='ltr'>coclitem</span> <span class='ocrx_word' id='word_1_41' title='bbox 1170 642 1310 717; x_wconf 76' lang='lat' dir='ltr'>egit,</span> <span class='ocrx_word' id='word_1_42' title='bbox 1335 658 1469 698; x_wconf 87' lang='lat' dir='ltr'>curn</span> <span class='ocrx_word' id='word_1_43' title='bbox 1501 640 1804 721; x_wconf 84' lang='lat' dir='ltr'>Philippus</span> 
     </span>
     <span class='ocr_line' id='line_1_7' title="bbox 189 719 1799 785; baseline 0.005 -9"><span class='ocrx_word' id='word_1_44' title='bbox 189 719 361 776; x_wconf 92' lang='lat' dir='ltr'>oculo</span> <span class='ocrx_word' id='word_1_45' title='bbox 392 719 695 777; x_wconf 84' lang='lat' dir='ltr'>damnatus</span> <span class='ocrx_word' id='word_1_46' title='bbox 736 719 867 778; x_wconf 83' lang='lat' dir='ltr'>effet</span> <span class='ocrx_word' id='word_1_47' title='bbox 905 721 972 777; x_wconf 89' lang='lat' dir='ltr'>ad</span> <span class='ocrx_word' id='word_1_48' title='bbox 1005 721 1341 779; x_wconf 82' lang='lat' dir='ltr'>Methonam</span> <span class='ocrx_word' id='word_1_49' title='bbox 1376 744 1391 779; x_wconf 77' lang='grc' dir='ltr'>ε</span> <span class='ocrx_word' id='word_1_50' title='bbox 1452 725 1637 782; x_wconf 87' lang='lat' dir='ltr'>rursus</span> <span class='ocrx_word' id='word_1_51' title='bbox 1663 746 1799 785; x_wconf 79' lang='lat' dir='ltr'>cum</span> 
     </span>
     <span class='ocr_line' id='line_1_8' title="bbox 192 799 1801 880; baseline 0.004 -22"><span class='ocrx_word' id='word_1_52' title='bbox 192 820 319 859; x_wconf 84' lang='lat' dir='ltr'>crus</span> <span class='ocrx_word' id='word_1_53' title='bbox 350 799 621 858; x_wconf 79' lang='lat' dir='ltr'>oblaesurn</span> <span class='ocrx_word' id='word_1_54' title='bbox 650 805 766 880; x_wconf 83' lang='lat' dir='ltr'>regi</span> <span class='ocrx_word' id='word_1_55' title='bbox 797 821 859 860; x_wconf 90' lang='lat' dir='ltr'>ac</span> <span class='ocrx_word' id='word_1_56' title='bbox 889 802 1154 861; x_wconf 85' lang='lat' dir='ltr'>luxatum</span> <span class='ocrx_word' id='word_1_57' title='bbox 1186 802 1394 874; x_wconf 86' lang='lat' dir='ltr'>fuiffet‚</span> <span class='ocrx_word' id='word_1_58' title='bbox 1415 806 1614 864; x_wconf 84' lang='lat' dir='ltr'>eodem</span> <span class='ocrx_word' id='word_1_59' title='bbox 1638 828 1801 865; x_wconf 68' lang='lat' dir='ltr'>crure</span> 
     </span>
     <span class='ocr_line' id='line_1_9' title="bbox 194 882 1802 962; baseline 0.004 -22"><span class='ocrx_word' id='word_1_60' title='bbox 194 882 546 940; x_wconf 83' lang='lat' dir='ltr'>claudicavit.</span> <span class='ocrx_word' id='word_1_61' title='bbox 633 883 898 962; x_wconf 90' lang='lat' dir='ltr'>Denique</span> <span class='ocrx_word' id='word_1_62' title='bbox 931 884 1071 944; x_wconf 88' lang='lat' dir='ltr'>nihil</span> <span class='ocrx_word' id='word_1_63' title='bbox 1117 903 1215 943; x_wconf 89' lang='lat' dir='ltr'>aut</span> <span class='ocrx_word' id='word_1_64' title='bbox 1265 886 1430 944; x_wconf 88' lang='lat' dir='ltr'>edere</span> <span class='ocrx_word' id='word_1_65' title='bbox 1486 905 1583 946; x_wconf 88' lang='lat' dir='ltr'>aut</span> <span class='ocrx_word' id='word_1_66' title='bbox 1615 889 1802 948; x_wconf 86' lang='lat' dir='ltr'>bibere</span> 
     </span>
     <span class='ocr_line' id='line_1_10' title="bbox 192 965 1801 1050; baseline 0.004 -26"><span class='ocrx_word' id='word_1_67' title='bbox 192 965 499 1044; x_wconf 81' lang='lat' dir='ltr'>Philippus</span> <span class='ocrx_word' id='word_1_68' title='bbox 531 980 773 1044; x_wconf 82' lang='lat' dir='ltr'>poterat,</span> <span class='ocrx_word' id='word_1_69' title='bbox 831 968 988 1042; x_wconf 89' lang='lat' dir='ltr'>quod</span> <span class='ocrx_word' id='word_1_70' title='bbox 1039 968 1224 1045; x_wconf 83' lang='lat' dir='ltr'>palato</span> <span class='ocrx_word' id='word_1_71' title='bbox 1277 968 1611 1049; x_wconf 76' lang='lat' dir='ltr'>displiceret,</span> <span class='ocrx_word' id='word_1_72' title='bbox 1657 972 1801 1050; x_wconf 89' lang='lat' dir='ltr'>quin</span> 
     </span>
     <span class='ocr_line' id='line_1_11' title="bbox 189 1048 1800 1130; baseline 0.001 -24"><span class='ocrx_word' id='word_1_73' title='bbox 189 1050 262 1106; x_wconf 88' lang='lat' dir='ltr'>ad</span> <span class='ocrx_word' id='word_1_74' title='bbox 287 1050 450 1127; x_wconf 75' lang='lat' dir='ltr'>ipsius</span> <span class='ocrx_word' id='word_1_75' title='bbox 483 1048 674 1105; x_wconf 74' lang='lat' dir='ltr'>vultus</span> <span class='ocrx_word' id='word_1_76' title='bbox 696 1048 1115 1107; x_wconf 77' lang='lat' dir='ltr'>slmilitudinem</span> <span class='ocrx_word' id='word_1_77' title='bbox 1165 1049 1324 1109; x_wconf 81' lang='lat' dir='ltr'>suum</span> <span class='ocrx_word' id='word_1_78' title='bbox 1358 1071 1593 1130; x_wconf 90' lang='lat' dir='ltr'>quoque</span> <span class='ocrx_word' id='word_1_79' title='bbox 1622 1054 1800 1111; x_wconf 87' lang='lat' dir='ltr'>Cliso-</span> 
     </span>
     <span class='ocr_line' id='line_1_12' title="bbox 122 1130 1800 1212; baseline 0.002 -22"><span class='ocrx_word' id='word_1_80' title='bbox 122 1133 338 1212; x_wconf 69' lang='lat' dir='ltr'>‚·phus</span> <span class='ocrx_word' id='word_1_81' title='bbox 376 1130 746 1188; x_wconf 87' lang='lat' dir='ltr'>contraheret.</span> <span class='ocrx_word' id='word_1_82' title='bbox 831 1131 1071 1187; x_wconf 87' lang='lat' dir='ltr'>Servum</span> <span class='ocrx_word' id='word_1_83' title='bbox 1134 1150 1267 1190; x_wconf 84' lang='lat' dir='ltr'>eum</span> <span class='ocrx_word' id='word_1_84' title='bbox 1322 1150 1518 1191; x_wconf 89' lang='lat' dir='ltr'>natura</span> <span class='ocrx_word' id='word_1_85' title='bbox 1564 1133 1800 1205; x_wconf 82' lang='lat' dir='ltr'>fecerat,</span> 
     </span>
     <span class='ocr_line' id='line_1_13' title="bbox 146 1210 1802 1291; baseline 0.001 -17"><span class='ocrx_word' id='word_1_86' title='bbox 146 1259 157 1274; x_wconf 48' lang='lat'><em>2</em></span> <span class='ocrx_word' id='word_1_87' title='bbox 193 1213 448 1273; x_wconf 75' lang='lat' dir='ltr'>adulatio</span> <span class='ocrx_word' id='word_1_88' title='bbox 479 1210 723 1268; x_wconf 85' lang='lat' dir='ltr'>reddidit</span> <span class='ocrx_word' id='word_1_89' title='bbox 774 1210 1013 1269; x_wconf 80' lang='lat' dir='ltr'>simiam.</span> <span class='ocrx_word' id='word_1_90' title='bbox 1099 1213 1532 1291; x_wconf 82' lang='lat' dir='ltr'>Nonnunquam</span> <span class='ocrx_word' id='word_1_91' title='bbox 1574 1216 1802 1275; x_wconf 81' lang='lat' dir='ltr'>facetias</span> 
     </span>
     <span class='ocr_line' id='line_1_14' title="bbox 180 1291 1801 1378; baseline 0.001 -23"><span class='ocrx_word' id='word_1_92' title='bbox 180 1295 515 1360; x_wconf 67' lang='lat' dir='ltr'>&#39;affefiavit3</span> <span class='ocrx_word' id='word_1_93' title='bbox 581 1291 890 1371; x_wconf 88' lang='lat' dir='ltr'>aliquando</span> <span class='ocrx_word' id='word_1_94' title='bbox 959 1294 1280 1372; x_wconf 81' lang='lat' dir='ltr'>increpante</span> <span class='ocrx_word' id='word_1_95' title='bbox 1338 1315 1465 1353; x_wconf 87' lang='lat' dir='ltr'>eum</span> <span class='ocrx_word' id='word_1_96' title='bbox 1516 1299 1801 1378; x_wconf 75' lang='lat' dir='ltr'>Philippo,</span> 
     </span>
     <span class='ocr_line' id='line_1_15' title="bbox 192 1374 1803 1458; baseline 0.003 -22"><span class='ocrx_word' id='word_1_97' title='bbox 192 1377 354 1458; x_wconf 75' lang='lat' dir='ltr'>quod</span> <span class='ocrx_word' id='word_1_98' title='bbox 394 1376 611 1453; x_wconf 86' lang='lat' dir='ltr'>semper</span> <span class='ocrx_word' id='word_1_99' title='bbox 662 1374 875 1453; x_wconf 87' lang='lat' dir='ltr'>aliquid</span> <span class='ocrx_word' id='word_1_100' title='bbox 927 1392 1171 1454; x_wconf 84' lang='lat' dir='ltr'>peteret:</span> <span class='ocrx_word' id='word_1_101' title='bbox 1226 1375 1428 1454; x_wconf 73' lang='lat' dir='ltr'>Qare,</span> <span class='ocrx_word' id='word_1_102' title='bbox 1459 1380 1665 1457; x_wconf 85' lang='lat' dir='ltr'>inquit,</span> <span class='ocrx_word' id='word_1_103' title='bbox 1707 1395 1803 1441; x_wconf 73' lang='lat' dir='ltr'>tua</span> 
     </span>
     <span class='ocr_line' id='line_1_16' title="bbox 187 1455 1801 1537; baseline 0.002 -19"><span class='ocrx_word' id='word_1_104' title='bbox 187 1480 316 1537; x_wconf 75' lang='lat' dir='ltr'>erga</span> <span class='ocrx_word' id='word_1_105' title='bbox 370 1480 445 1518; x_wconf 81' lang='lat' dir='ltr'>me</span> <span class='ocrx_word' id='word_1_106' title='bbox 489 1455 720 1530; x_wconf 68' lang='lat' dir='ltr'>beneficia</span> <span class='ocrx_word' id='word_1_107' title='bbox 748 1477 808 1516; x_wconf 80' lang='lat' dir='ltr'>ea</span> <span class='ocrx_word' id='word_1_108' title='bbox 845 1457 1166 1534; x_wconf 75' lang='lat' dir='ltr'>obliviscendi</span> <span class='ocrx_word' id='word_1_109' title='bbox 1208 1473 1402 1535; x_wconf 78' lang='lat' dir='ltr'>tempus</span> <span class='ocrx_word' id='word_1_110' title='bbox 1460 1462 1587 1519; x_wconf 71' lang='lat' dir='ltr'>mihi</span> <span class='ocrx_word' id='word_1_111' title='bbox 1634 1482 1801 1522; x_wconf 81' lang='lat' dir='ltr'>conce-</span> 
     </span>
     <span class='ocr_line' id='line_1_17' title="bbox 188 1540 1804 1623; baseline 0 -20"><span class='ocrx_word' id='word_1_112' title='bbox 188 1545 318 1603; x_wconf 79' lang='lat' dir='ltr'>dunt</span> <span class='ocrx_word' id='word_1_113' title='bbox 343 1545 373 1600; x_wconf 68' lang='grc' dir='ltr'>,Ρ</span> <span class='ocrx_word' id='word_1_114' title='bbox 424 1542 606 1609; x_wconf 85' lang='lat' dir='ltr'>Alias,</span> <span class='ocrx_word' id='word_1_115' title='bbox 644 1559 824 1619; x_wconf 86' lang='lat' dir='ltr'>quum</span> <span class='ocrx_word' id='word_1_116' title='bbox 853 1540 1152 1620; x_wconf 84' lang='lat' dir='ltr'>Philippus</span> <span class='ocrx_word' id='word_1_117' title='bbox 1182 1541 1234 1600; x_wconf 91' lang='lat' dir='ltr'>in</span> <span class='ocrx_word' id='word_1_118' title='bbox 1267 1561 1400 1599; x_wconf 87' lang='lat' dir='ltr'>eurn</span> <span class='ocrx_word' id='word_1_119' title='bbox 1424 1543 1626 1602; x_wconf 71' lang='lat' dir='ltr'>acriter</span> <span class='ocrx_word' id='word_1_120' title='bbox 1642 1541 1804 1623; x_wconf 86' lang='lat' dir='ltr'>joca·</span> 
     </span>
     <span class='ocr_line' id='line_1_18' title="bbox 189 1623 1803 1706; baseline -0.001 -20"><span class='ocrx_word' id='word_1_121' title='bbox 189 1644 284 1687; x_wconf 90' lang='lat' dir='ltr'>tus</span> <span class='ocrx_word' id='word_1_122' title='bbox 322 1625 475 1695; x_wconf 62' lang='lat' dir='ltr'>estet,</span> <span class='ocrx_word' id='word_1_123' title='bbox 516 1624 717 1701; x_wconf 75' lang='lat' dir='ltr'>Apage,</span> <span class='ocrx_word' id='word_1_124' title='bbox 775 1623 977 1699; x_wconf 82' lang='lat' dir='ltr'>inquit,</span> <span class='ocrx_word' id='word_1_125' title='bbox 990 1626 1160 1702; x_wconf 82' lang='lat' dir='ltr'>jocos,</span> <span class='ocrx_word' id='word_1_126' title='bbox 1191 1625 1250 1698; x_wconf 80' lang='lat' dir='ltr'><em>st</em></span> <span class='ocrx_word' id='word_1_127' title='bbox 1285 1629 1372 1683; x_wconf 82' lang='lat' dir='ltr'>vis</span> <span class='ocrx_word' id='word_1_128' title='bbox 1399 1626 1540 1703; x_wconf 78' lang='lat' dir='ltr'>apud</span> <span class='ocrx_word' id='word_1_129' title='bbox 1575 1647 1648 1684; x_wconf 79' lang='lat' dir='ltr'>me</span> <span class='ocrx_word' id='word_1_130' title='bbox 1684 1647 1803 1706; x_wconf 77' lang='lat' dir='ltr'>quo·</span> 
     </span>
     <span class='ocr_line' id='line_1_19' title="bbox 186 1703 1802 1785; baseline 0 -16"><span class='ocrx_word' id='word_1_131' title='bbox 186 1709 403 1769; x_wconf 78' lang='lat' dir='ltr'>tidicmae</span> <span class='ocrx_word' id='word_1_132' title='bbox 428 1708 603 1783; x_wconf 78' lang='lat' dir='ltr'>mensae</span> <span class='ocrx_word' id='word_1_133' title='bbox 611 1709 711 1782; x_wconf 82' lang='lat' dir='ltr'>jus</span> <span class='ocrx_word' id='word_1_134' title='bbox 735 1703 938 1763; x_wconf 77' lang='lat' dir='ltr'>habere.</span> <span class='ocrx_word' id='word_1_135' title='bbox 1001 1707 1231 1781; x_wconf 81' lang='lat' dir='ltr'>[Graeca</span> <span class='ocrx_word' id='word_1_136' title='bbox 1260 1707 1383 1766; x_wconf 89' lang='lat' dir='ltr'>sunt</span> <span class='ocrx_word' id='word_1_137' title='bbox 1430 1710 1724 1785; x_wconf 62' lang='lat' dir='ltr'>Cnain&#39;lov‘l&amp;</span> <span class='ocrx_word' id='word_1_138' title='bbox 1755 1712 1802 1769; x_wconf 76' lang='grc' dir='ltr'>δ’</span> 
     </span>
     <span class='ocr_line' id='line_1_20' title="bbox 192 1786 1798 1870; baseline 0 -20"><span class='ocrx_word' id='word_1_139' title='bbox 192 1792 339 1850; x_wconf 67' lang='grc' dir='ltr'>οαῖτόυ</span> <span class='ocrx_word' id='word_1_140' title='bbox 363 1786 423 1849; x_wconf 55' lang='grc' dir='ltr'>τὲ</span> <span class='ocrx_word' id='word_1_141' title='bbox 445 1791 666 1848; x_wconf 66' lang='grc' dir='ltr'>Φιλίππκ</span> <span class='ocrx_word' id='word_1_142' title='bbox 714 1789 760 1864; x_wconf 54' lang='lat'>29*</span> <span class='ocrx_word' id='word_1_143' title='bbox 809 1789 1109 1870; x_wconf 64' lang='grc' dir='ltr'>όῖιήμεξΞνΊες,</span> <span class='ocrx_word' id='word_1_144' title='bbox 1158 1787 1261 1846; x_wconf 55' lang='grc' dir='ltr'>εἶτα</span> <span class='ocrx_word' id='word_1_145' title='bbox 1315 1792 1395 1847; x_wconf 70' lang='grc' dir='ltr'>ου’κ.</span> <span class='ocrx_word' id='word_1_146' title='bbox 1443 1794 1535 1869; x_wconf 70' lang='grc' dir='ltr'>ἐγώ</span> <span class='ocrx_word' id='word_1_147' title='bbox 1584 1819 1656 1862; x_wconf 82' lang='grc' dir='ltr'>σε,</span> <span class='ocrx_word' id='word_1_148' title='bbox 1696 1794 1798 1865; x_wconf 66' lang='grc' dir='ltr'>ἔφη,</span> 
     </span>
     <span class='ocr_line' id='line_1_21' title="bbox 188 1871 1799 1953; baseline 0.001 -23"><span class='ocrx_word' id='word_1_149' title='bbox 188 1875 372 1949; x_wconf 66' lang='grc' dir='ltr'><strong>θρέψω.</strong></span> <span class='ocrx_word' id='word_1_150' title='bbox 458 1873 614 1950; x_wconf 79' lang='lat' dir='ltr'>Qae</span> <span class='ocrx_word' id='word_1_151' title='bbox 666 1877 845 1947; x_wconf 56' lang='lat' dir='ltr'>netjue</span> <span class='ocrx_word' id='word_1_152' title='bbox 879 1871 1241 1947; x_wconf 75' lang='lat' dir='ltr'>Dalecczmpius</span> <span class='ocrx_word' id='word_1_153' title='bbox 1270 1872 1558 1950; x_wconf 76' lang='lat' dir='ltr'>interpre3‚</span> <span class='ocrx_word' id='word_1_154' title='bbox 1611 1895 1799 1953; x_wconf 85' lang='lat' dir='ltr'>neque</span> 
     </span>
     <span class='ocr_line' id='line_1_22' title="bbox 193 1951 1799 2033; baseline -0.001 -19"><span class='ocrx_word' id='word_1_155' title='bbox 193 1954 484 2014; x_wconf 70' lang='lat' dir='ltr'>Yourrellus</span> <span class='ocrx_word' id='word_1_156' title='bbox 505 1952 650 2011; x_wconf 69' lang='lat' dir='ltr'>recte</span> <span class='ocrx_word' id='word_1_157' title='bbox 679 1953 851 2031; x_wconf 86' lang='lat' dir='ltr'>cepit.</span> <span class='ocrx_word' id='word_1_158' title='bbox 936 1951 1043 2010; x_wconf 85' lang='lat' dir='ltr'>Ista</span> <span class='ocrx_word' id='word_1_159' title='bbox 1091 1957 1149 2011; x_wconf 69' lang='grc' dir='ltr'>ἐκ</span> <span class='ocrx_word' id='word_1_160' title='bbox 1178 1957 1271 2031; x_wconf 75' lang='grc' dir='ltr'>ἐγώ</span> <span class='ocrx_word' id='word_1_161' title='bbox 1306 1982 1356 2012; x_wconf 78' lang='grc' dir='ltr'>σε</span> <span class='ocrx_word' id='word_1_162' title='bbox 1408 1960 1571 2033; x_wconf 64' lang='grc' dir='ltr'>θρέψω</span> <span class='ocrx_word' id='word_1_163' title='bbox 1600 1956 1799 2033; x_wconf 76' lang='lat' dir='ltr'>legen-</span> 
     </span>
     <span class='ocr_line' id='line_1_23' title="bbox 190 2035 1801 2112; baseline -0.001 -15"><span class='ocrx_word' id='word_1_164' title='bbox 190 2039 268 2097; x_wconf 81' lang='lat' dir='ltr'>da</span> <span class='ocrx_word' id='word_1_165' title='bbox 292 2039 415 2096; x_wconf 86' lang='lat' dir='ltr'>sunt</span> <span class='ocrx_word' id='word_1_166' title='bbox 450 2055 582 2093; x_wconf 86' lang='lat' dir='ltr'>cum</span> <span class='ocrx_word' id='word_1_167' title='bbox 630 2036 1094 2112; x_wconf 83' lang='lat' dir='ltr'>interrogatione,</span> <span class='ocrx_word' id='word_1_168' title='bbox 1144 2035 1203 2092; x_wconf 72' lang='grc' dir='ltr'>δε</span> <span class='ocrx_word' id='word_1_169' title='bbox 1236 2036 1507 2097; x_wconf 81' lang='lat' dir='ltr'>sententia</span> <span class='ocrx_word' id='word_1_170' title='bbox 1562 2040 1617 2096; x_wconf 89' lang='lat' dir='ltr'>in</span> <span class='ocrx_word' id='word_1_171' title='bbox 1650 2041 1801 2096; x_wconf 88' lang='lat' dir='ltr'>hunc</span> 
     </span>
     <span class='ocr_line' id='line_1_24' title="bbox 189 2118 1800 2197; baseline -0.002 -16"><span class='ocrx_word' id='word_1_172' title='bbox 189 2122 435 2181; x_wconf 85' lang='lat' dir='ltr'>modum</span> <span class='ocrx_word' id='word_1_173' title='bbox 479 2118 784 2178; x_wconf 87' lang='lat' dir='ltr'>vertenda:</span> <span class='ocrx_word' id='word_1_174' title='bbox 845 2119 968 2177; x_wconf 81' lang='lat' dir='ltr'>Cum</span> <span class='ocrx_word' id='word_1_175' title='bbox 1018 2118 1291 2195; x_wconf 81' lang='lat' dir='ltr'>Philippus</span> <span class='ocrx_word' id='word_1_176' title='bbox 1339 2119 1550 2181; x_wconf 58' lang='lat' dir='ltr'>diderio</span> <span class='ocrx_word' id='word_1_177' title='bbox 1579 2141 1688 2178; x_wconf 83' lang='lat' dir='ltr'>eum</span> <span class='ocrx_word' id='word_1_178' title='bbox 1708 2136 1800 2197; x_wconf 80' lang='lat' dir='ltr'>pe-</span> 
     </span>
     <span class='ocr_line' id='line_1_25' title="bbox 184 2199 1802 2279; baseline 0 -19"><span class='ocrx_word' id='word_1_179' title='bbox 184 2201 362 2279; x_wconf 75' lang='lat' dir='ltr'>tiiſjet,</span> <span class='ocrx_word' id='word_1_180' title='bbox 425 2221 487 2259; x_wconf 78' lang='lat' dir='ltr'>ac</span> <span class='ocrx_word' id='word_1_181' title='bbox 544 2200 779 2276; x_wconf 77' lang='lat' dir='ltr'>plausum</span> <span class='ocrx_word' id='word_1_182' title='bbox 828 2199 1049 2277; x_wconf 83' lang='lat' dir='ltr'>tuliffet:</span> <span class='ocrx_word' id='word_1_183' title='bbox 1107 2199 1243 2276; x_wconf 74' lang='lat' dir='ltr'>Qis</span> <span class='ocrx_word' id='word_1_184' title='bbox 1311 2215 1465 2279; x_wconf 79' lang='lat' dir='ltr'>neget,</span> <span class='ocrx_word' id='word_1_185' title='bbox 1521 2205 1723 2279; x_wconf 87' lang='lat' dir='ltr'>inquit,</span> <span class='ocrx_word' id='word_1_186' title='bbox 1773 2203 1802 2260; x_wconf 79' lang='grc' dir='ltr'><em>ὂ</em></span> 
     </span>
     <span class='ocr_line' id='line_1_26' title="bbox 180 2278 1800 2361; baseline -0.001 -17"><span class='ocrx_word' id='word_1_187' title='bbox 180 2306 296 2354; x_wconf 76' lang='lat' dir='ltr'>rex,</span> <span class='ocrx_word' id='word_1_188' title='bbox 323 2302 518 2361; x_wconf 74' lang='lat' dir='ltr'><em>aequzcm</em></span> <span class='ocrx_word' id='word_1_189' title='bbox 553 2290 669 2357; x_wconf 75' lang='lat' dir='ltr'>jam</span> <span class='ocrx_word' id='word_1_190' title='bbox 717 2278 814 2356; x_wconf 70' lang='lat' dir='ltr'>effe</span> <span class='ocrx_word' id='word_1_191' title='bbox 838 2296 896 2339; x_wconf 81' lang='lat' dir='ltr'>ut</span> <span class='ocrx_word' id='word_1_192' title='bbox 927 2285 1038 2358; x_wconf 75' lang='lat' dir='ltr'>Ego</span> <span class='ocrx_word' id='word_1_193' title='bbox 1066 2280 1135 2339; x_wconf 78' lang='lat' dir='ltr'>Te</span> <span class='ocrx_word' id='word_1_194' title='bbox 1164 2283 1305 2342; x_wconf 74' lang='lat' dir='ltr'>alam</span> <span class='ocrx_word' id='word_1_195' title='bbox 1333 2286 1363 2340; x_wconf 69' lang='grc' dir='ltr'><em>Ρ</em></span> <span class='ocrx_word' id='word_1_196' title='bbox 1421 2287 1654 2361; x_wconf 87' lang='lat' dir='ltr'>quando</span> <span class='ocrx_word' id='word_1_197' title='bbox 1698 2284 1800 2342; x_wconf 88' lang='lat' dir='ltr'>sci-</span> 
     </span>
     <span class='ocr_line' id='line_1_27' title="bbox 184 2364 1797 2428; baseline -0.002 0"><span class='ocrx_word' id='word_1_198' title='bbox 184 2368 317 2428; x_wconf 81' lang='lat' dir='ltr'>licet</span> <span class='ocrx_word' id='word_1_199' title='bbox 347 2366 423 2424; x_wconf 91' lang='lat' dir='ltr'>ita</span> <span class='ocrx_word' id='word_1_200' title='bbox 472 2364 607 2423; x_wconf 84' lang='lat' dir='ltr'>felix</span> <span class='ocrx_word' id='word_1_201' title='bbox 655 2383 709 2421; x_wconf 87' lang='lat' dir='ltr'>es</span> <span class='ocrx_word' id='word_1_202' title='bbox 739 2366 795 2420; x_wconf 87' lang='lat' dir='ltr'>in</span> <span class='ocrx_word' id='word_1_203' title='bbox 827 2364 987 2421; x_wconf 67' lang='lat' dir='ltr'>dietis</span> <span class='ocrx_word' id='word_1_204' title='bbox 1018 2364 1267 2422; x_wconf 86' lang='lat' dir='ltr'>dicendis</span> <span class='ocrx_word' id='word_1_205' title='bbox 1325 2366 1386 2423; x_wconf 74' lang='grc' dir='ltr'>δε</span> <span class='ocrx_word' id='word_1_206' title='bbox 1416 2366 1665 2426; x_wconf 85' lang='lat' dir='ltr'>ridiculis</span> <span class='ocrx_word' id='word_1_207' title='bbox 1702 2387 1797 2425; x_wconf 81' lang='lat' dir='ltr'>ex·</span> 
     </span>
     <span class='ocr_line' id='line_1_28' title="bbox 188 2447 1798 2524; baseline -0.002 -15"><span class='ocrx_word' id='word_1_208' title='bbox 188 2447 526 2524; x_wconf 75' lang='lat' dir='ltr'>cogitandis,</span> <span class='ocrx_word' id='word_1_209' title='bbox 614 2448 852 2523; x_wconf 70' lang='grc' dir='ltr'>Ειῖημερᾶυ</span> <span class='ocrx_word' id='word_1_210' title='bbox 883 2447 1230 2504; x_wconf 82' lang='lat' dir='ltr'>theatrorum</span> <span class='ocrx_word' id='word_1_211' title='bbox 1258 2447 1551 2524; x_wconf 83' lang='lat' dir='ltr'>proprium</span> <span class='ocrx_word' id='word_1_212' title='bbox 1586 2448 1663 2506; x_wconf 88' lang='lat' dir='ltr'>est</span> <span class='ocrx_word' id='word_1_213' title='bbox 1693 2470 1798 2506; x_wconf 87' lang='lat' dir='ltr'>vo-</span> 
     </span>
     <span class='ocr_line' id='line_1_29' title="bbox 188 2527 1798 2606; baseline -0.001 -15"><span class='ocrx_word' id='word_1_214' title='bbox 188 2531 480 2599; x_wconf 84' lang='lat' dir='ltr'>cabulum,</span> <span class='ocrx_word' id='word_1_215' title='bbox 524 2527 591 2586; x_wconf 89' lang='lat' dir='ltr'>de</span> <span class='ocrx_word' id='word_1_216' title='bbox 637 2528 703 2588; x_wconf 88' lang='lat' dir='ltr'>iis</span> <span class='ocrx_word' id='word_1_217' title='bbox 743 2528 852 2585; x_wconf 89' lang='lat' dir='ltr'>dici</span> <span class='ocrx_word' id='word_1_218' title='bbox 884 2527 1110 2586; x_wconf 86' lang='lat' dir='ltr'>solitum</span> <span class='ocrx_word' id='word_1_219' title='bbox 1143 2530 1354 2606; x_wconf 85' lang='lat' dir='ltr'>quibus</span> <span class='ocrx_word' id='word_1_220' title='bbox 1401 2528 1642 2589; x_wconf 86' lang='lat' dir='ltr'>favetur.</span> <span class='ocrx_word' id='word_1_221' title='bbox 1731 2532 1798 2590; x_wconf 87' lang='lat' dir='ltr'>ln</span> 
     </span>
     <span class='ocr_line' id='line_1_30' title="bbox 188 2608 1801 2690; baseline -0.002 -16"><span class='ocrx_word' id='word_1_222' title='bbox 188 2633 261 2674; x_wconf 86' lang='lat' dir='ltr'>eo</span> <span class='ocrx_word' id='word_1_223' title='bbox 291 2613 472 2670; x_wconf 84' lang='lat' dir='ltr'>verbo</span> <span class='ocrx_word' id='word_1_224' title='bbox 515 2612 615 2668; x_wconf 85' lang='lat' dir='ltr'>fita</span> <span class='ocrx_word' id='word_1_225' title='bbox 638 2610 808 2667; x_wconf 88' lang='lat' dir='ltr'>totius</span> <span class='ocrx_word' id='word_1_226' title='bbox 847 2609 1132 2668; x_wconf 81' lang='lat' dir='ltr'>sententiae</span> <span class='ocrx_word' id='word_1_227' title='bbox 1164 2608 1329 2689; x_wconf 85' lang='lat' dir='ltr'>hujus</span> <span class='ocrx_word' id='word_1_228' title='bbox 1361 2612 1618 2688; x_wconf 81' lang='lat' dir='ltr'>argutia:</span> <span class='ocrx_word' id='word_1_229' title='bbox 1662 2614 1801 2690; x_wconf 87' lang='lat' dir='ltr'>quia</span> 
     </span>
     <span class='ocr_line' id='line_1_31' title="bbox 187 2693 1801 2773; baseline 0 -16"><span class='ocrx_word' id='word_1_230' title='bbox 187 2697 497 2770; x_wconf 62' lang='lat' dir='ltr'>‘tSAEmaepe&#39;iv</span> <span class='ocrx_word' id='word_1_231' title='bbox 553 2695 608 2750; x_wconf 90' lang='lat' dir='ltr'>in</span> <span class='ocrx_word' id='word_1_232' title='bbox 659 2693 912 2750; x_wconf 87' lang='lat' dir='ltr'>ridiculis</span> <span class='ocrx_word' id='word_1_233' title='bbox 970 2694 1265 2770; x_wconf 85' lang='lat' dir='ltr'>proprium</span> <span class='ocrx_word' id='word_1_234' title='bbox 1323 2696 1562 2773; x_wconf 78' lang='lat' dir='ltr'>parasiti.</span> <span class='ocrx_word' id='word_1_235' title='bbox 1649 2695 1801 2757; x_wconf 82' lang='lat' dir='ltr'>Vide</span> 
     </span>
     <span class='ocr_line' id='line_1_32' title="bbox 188 2775 1797 2853; baseline -0.002 -15"><span class='ocrx_word' id='word_1_236' title='bbox 188 2779 401 2853; x_wconf 74' lang='lat' dir='ltr'>Casaub.</span> <span class='ocrx_word' id='word_1_237' title='bbox 454 2776 728 2835; x_wconf 85' lang='lat' dir='ltr'>Animad.</span> <span class='ocrx_word' id='word_1_238' title='bbox 777 2776 831 2832; x_wconf 92' lang='lat' dir='ltr'>in</span> <span class='ocrx_word' id='word_1_239' title='bbox 867 2775 1081 2831; x_wconf 78' lang='lat' dir='ltr'>Athen.</span> <span class='ocrx_word' id='word_1_240' title='bbox 1112 2775 1147 2834; x_wconf 90' lang='lat' dir='ltr'>l.</span> <span class='ocrx_word' id='word_1_241' title='bbox 1192 2779 1264 2834; x_wconf 88' lang='lat' dir='ltr'>vi.</span> <span class='ocrx_word' id='word_1_242' title='bbox 1316 2797 1365 2835; x_wconf 82' lang='lat' dir='ltr'>c,</span> <span class='ocrx_word' id='word_1_243' title='bbox 1407 2778 1529 2852; x_wconf 84' lang='lat'><em>12.]</em></span> <span class='ocrx_word' id='word_1_244' title='bbox 1589 2777 1797 2835; x_wconf 87' lang='lat' dir='ltr'>Libera</span> 
     </span>
     <span class='ocr_line' id='line_1_33' title="bbox 184 2853 1799 2936; baseline -0.002 -17"><span class='ocrx_word' id='word_1_245' title='bbox 184 2860 490 2919; x_wconf 78' lang='lat' dir='ltr'>istiusmodi</span> <span class='ocrx_word' id='word_1_246' title='bbox 522 2853 869 2916; x_wconf 86' lang='lat' dir='ltr'>consuetudo</span> <span class='ocrx_word' id='word_1_247' title='bbox 899 2855 1232 2936; x_wconf 85' lang='lat' dir='ltr'>Philippum</span> <span class='ocrx_word' id='word_1_248' title='bbox 1260 2860 1568 2928; x_wconf 78' lang='lat' dir='ltr'>recreabat,</span> <span class='ocrx_word' id='word_1_249' title='bbox 1618 2879 1799 2935; x_wconf 86' lang='lat' dir='ltr'>quum</span> 
     </span>
     <span class='ocr_line' id='line_1_34' title="bbox 186 2939 1800 3020; baseline -0.001 -20"><span class='ocrx_word' id='word_1_250' title='bbox 186 2959 286 3000; x_wconf 86' lang='lat' dir='ltr'>aut</span> <span class='ocrx_word' id='word_1_251' title='bbox 320 2941 528 2999; x_wconf 85' lang='lat' dir='ltr'>bellicis</span> <span class='ocrx_word' id='word_1_252' title='bbox 584 2940 869 2998; x_wconf 84' lang='lat' dir='ltr'>laboribus</span> <span class='ocrx_word' id='word_1_253' title='bbox 922 2939 1282 3016; x_wconf 77' lang='lat' dir='ltr'>fatigaretur,</span> <span class='ocrx_word' id='word_1_254' title='bbox 1335 2957 1431 2999; x_wconf 89' lang='lat' dir='ltr'>aut</span> <span class='ocrx_word' id='word_1_255' title='bbox 1499 2939 1800 3020; x_wconf 86' lang='lat' dir='ltr'>majestatis</span> 
     </span>
    </p>

    <p class='ocr_par' dir='ltr' id='par_1_2' title="bbox 187 3023 1802 3346">
     <span class='ocr_line' id='line_1_35' title="bbox 187 3023 1286 3100; baseline -0.004 -16"><span class='ocrx_word' id='word_1_256' title='bbox 187 3023 495 3084; x_wconf 77' lang='lat' dir='ltr'>satietatem</span> <span class='ocrx_word' id='word_1_257' title='bbox 527 3042 599 3080; x_wconf 86' lang='lat' dir='ltr'>ex</span> <span class='ocrx_word' id='word_1_258' title='bbox 631 3024 819 3081; x_wconf 82' lang='lat' dir='ltr'>animo</span> <span class='ocrx_word' id='word_1_259' title='bbox 840 3040 1076 3100; x_wconf 82' lang='lat' dir='ltr'>expuere</span> <span class='ocrx_word' id='word_1_260' title='bbox 1101 3023 1286 3080; x_wconf 82' lang='lat' dir='ltr'>vellet.</span> 
     </span>
     <span class='ocr_line' id='line_1_36' title="bbox 273 3103 1796 3180; baseline 0.003 -21"><span class='ocrx_word' id='word_1_261' title='bbox 273 3105 476 3180; x_wconf 69' lang='lat' dir='ltr'>Atqui,</span> <span class='ocrx_word' id='word_1_262' title='bbox 501 3106 628 3163; x_wconf 84' lang='lat' dir='ltr'>licet</span> <span class='ocrx_word' id='word_1_263' title='bbox 658 3104 1032 3161; x_wconf 71' lang='lat' dir='ltr'>assentationis</span> <span class='ocrx_word' id='word_1_264' title='bbox 1060 3124 1249 3162; x_wconf 82' lang='lat' dir='ltr'>amans</span> <span class='ocrx_word' id='word_1_265' title='bbox 1273 3103 1424 3173; x_wconf 77' lang='lat' dir='ltr'>effet,</span> <span class='ocrx_word' id='word_1_266' title='bbox 1457 3104 1679 3164; x_wconf 83' lang='lat' dir='ltr'>veritati</span> <span class='ocrx_word' id='word_1_267' title='bbox 1711 3121 1796 3163; x_wconf 88' lang='lat' dir='ltr'>ta-</span> 
     </span>
     <span class='ocr_line' id='line_1_37' title="bbox 190 3185 1802 3267; baseline -0.001 -21"><span class='ocrx_word' id='word_1_268' title='bbox 190 3206 325 3246; x_wconf 84' lang='lat' dir='ltr'>men</span> <span class='ocrx_word' id='word_1_269' title='bbox 358 3186 508 3245; x_wconf 81' lang='lat' dir='ltr'>haud</span> <span class='ocrx_word' id='word_1_270' title='bbox 532 3204 644 3248; x_wconf 84' lang='lat' dir='ltr'>erat</span> <span class='ocrx_word' id='word_1_271' title='bbox 690 3185 954 3251; x_wconf 73' lang='lat' dir='ltr'>infensus·</span> <span class='ocrx_word' id='word_1_272' title='bbox 1044 3187 1334 3248; x_wconf 80' lang='lat' dir='ltr'>Aristoteli</span> <span class='ocrx_word' id='word_1_273' title='bbox 1368 3188 1561 3267; x_wconf 69' lang='lat' dir='ltr'>saepius</span> <span class='ocrx_word' id='word_1_274' title='bbox 1592 3189 1659 3246; x_wconf 89' lang='lat' dir='ltr'>de</span> <span class='ocrx_word' id='word_1_275' title='bbox 1680 3205 1802 3245; x_wconf 81' lang='lat' dir='ltr'>arte</span> 
     </span>
     <span class='ocr_line' id='line_1_38' title="bbox 1661 3287 1789 3346; baseline -0.016 -20"><span class='ocrx_word' id='word_1_276' title='bbox 1661 3287 1789 3346; x_wconf 77' lang='lat' dir='ltr'>reg-</span> 
     </span>
    </p>
   </div>
  </div>
 </body>
</html>
