2083 3484
442 104 1354 167 OLYNTHIACAM
1440 109 1514 169 ῙῙ.
1690 131 1807 194 325

195 221 401 280 Thesei
434 220 595 280 fuiffe
626 220 891 290 instituta,
940 219 1040 298 qui
1100 219 1207 278 hoc
1246 221 1425 288 mense
1457 223 1805 285 Athenienfi-

192 302 508 361 buscontra
525 305 852 361 Amazonas
876 321 1042 377 opem
1077 301 1222 360 tulit.
1266 301 1414 361 Vide
1439 302 1584 362 Suid.
1617 309 1796 381 Harp.

191 386 410 460 Etymol.
438 388 639 461 Meurs.
688 384 874 442 GraeC.
925 384 1050 441 Fer.
1103 383 1162 439 &
1191 383 1464 444 Plutarch.
1500 386 1554 443 in
1584 387 1801 448 Theseo

189 466 289 522 sub
321 468 415 524 fin.

276 549 358 606 Ib.
401 549 441 606 l.
501 568 589 605 11.
622 549 747 610 Μέἷοῖ
788 547 854 605 vs?
877 543 1112 622 μυςὴρια]
1158 546 1401 605 Gemina
1426 564 1583 606 erant
1623 551 1800 610 Athe-

189 630 467 687 niensibus
528 627 818 704 Mysteria,
881 626 1092 703 majora
1138 628 1197 685 &
1249 628 1485 688 minora.
1573 629 1802 708 Majora

189 711 398 777 Cereri,
453 711 673 768 minora
733 710 968 767 Herculi
1037 708 1180 766 sacra
1250 708 1610 770 habebantur.
1698 713 1802 772 lna

188 811 598 869 nonnunquam
646 795 712 849 τοὶ
764 794 968 868 μεγάλα
1023 793 1294 848 dicuntur
1359 794 1512 870 apud
1559 809 1798 866 autore5‚

190 873 510 951 plerunque
555 874 694 930 vero
750 871 999 929 absolute
1048 876 1113 930 τοὶ
1138 874 1359 948 μυςῆρια.
1445 873 1799 954 Ubicunque

191 955 370 1033 igitur
400 955 554 1033 apud
589 954 827 1011 Graecos
858 954 1095 1032 legimus
1127 956 1195 1012 w}
1212 956 1419 1038 μυςνῖριοι
1444 954 1695 1015 absolute
1739 960 1800 1017 δε

189 1039 301 1095 fine
328 1036 619 1098 additione
655 1037 767 1109 (uti
798 1034 909 1093 hoc
939 1038 995 1093 in
1047 1036 1202 1108 loco)
1261 1036 1339 1094 ibi
1367 1039 1433 1094 w?
1460 1040 1664 1115 μεγάλα
1708 1068 1801 1113 μυ-

188 1120 348 1192 ςήριᾳ,
404 1119 615 1176 Cereris
654 1118 728 1175 sc.
780 1115 1087 1176 Eleufiniae
1131 1115 1298 1186 sacra,
1357 1117 1672 1198 intelligere
1702 1121 1804 1179 de-

191 1202 410 1258 bemus·
498 1198 674 1256 Erant
699 1215 890 1257 autem
917 1200 1179 1258 omnium
1201 1199 1354 1277 apud
1377 1200 1802 1262 Graecosfesto·

186 1302 319 1340 rum
351 1282 727 1349 celeberrima,
765 1281 824 1338 &
866 1301 897 1338 a
949 1281 1174 1339 decimo
1197 1282 1400 1358 quinto
1427 1284 1798 1342 Boedromio-

186 1365 275 1423 nis
307 1364 503 1422 menfis
527 1383 627 1441 per
662 1382 866 1421 novem
890 1363 1006 1420 dies
1030 1362 1328 1422 durabant.
1376 1365 1608 1423 Minora
1638 1386 1797 1424 men-

178 1447 239 1505 se
267 1444 693 1504 Anthesterione
713 1447 1049 1522 agebantur.
1095 1445 1288 1502 Tanta
1310 1447 1580 1521 religione
1613 1449 1796 1506 Athe-

186 1528 401 1587 nienses
451 1528 717 1584 Cererem
759 1525 1142 1595 observarunt,
1194 1526 1448 1584 beneficii
1482 1548 1792 1599 memoreS,

187 1631 304 1688 quo
326 1614 396 1668 ab
417 1607 480 1668 ea
504 1607 898 1687 Proserpinam
932 1608 1103 1666 filiam
1127 1623 1414 1685 quaerente
1437 1609 1618 1667 affecfi
1642 1609 1793 1680 sunt,

184 1693 410 1760 scilicet,
458 1691 613 1767 quod
664 1695 735 1746 ab
792 1690 856 1748 ea
902 1688 1111 1749 serendi
1140 1689 1414 1748 frumenti
1443 1692 1791 1769 incognitam

185 1792 314 1833 ante
340 1773 606 1832 rationem
663 1772 1001 1832 didicerunt.
1087 1771 1357 1850 AEgyptii
1385 1772 1587 1830 horum
1618 1775 1797 1832 sacro-

188 1879 319 1916 rum
351 1857 642 1914 auc'torem
666 1853 885 1912 faciunt
915 1853 1281 1922 Erectheum,
1317 1857 1537 1913 natione
1564 1855 1796 1933 AEgyp-

186 1942 356 2009 tium,
388 1939 747 1995 Athenarum
776 1937 909 1994 vero
939 1955 1130 2011 regem
1188 1937 1312 1993 ideo
1342 1935 1579 2009 fastum,
1635 1939 1796 2015 quod

187 2025 323 2081 cum
353 2023 549 2095 ingens
573 2019 785 2096 ubique
817 2018 1028 2076 ficcitas
1054 2017 1204 2088 effet,
1250 2037 1382 2075 cum
1417 2013 1633 2096 magna*
1673 2022 1796 2078 fru-

188 2124 332 2183 gum
360 2101 776 2179 hominumque
806 2101 1069 2179 pernicie,
1102 2119 1371 2178 magnam
1399 2099 1672 2158 frumenti
1702 2120 1798 2162 co·

185 2188 342 2266 piam
396 2182 649 2242 Athe-nas
699 2184 1002 2240 advexerit.
1088 2182 1233 2241 Vide
1280 2184 1570 2256 Meurstum
1601 2185 1655 2240 in
1692 2182 1799 2241 fin-

185 2268 364 2346 gulari
410 2266 556 2324 libro
603 2267 673 2323 de
724 2265 1017 2338 Eleustniis‚
1076 2262 1234 2322 Diod.
1268 2264 1366 2322 lib.
1400 2269 1433 2322 i.
1467 2267 1703 2341 Duport.
1734 2267 1789 2324 in

188 2346 567 2426 Theophrast.
600 2368 720 2425 cap.
756 2368 808 2424 3.
854 2345 976 2404 Car.
1032 2347 1201 2421 Sigon.
1254 2348 1325 2404 de
1377 2349 1529 2426 Rep.
1584 2349 1804 2406 Athen·

189 2434 290 2491 lib.
326 2431 361 2488 i.
394 2450 516 2506 cap,
550 2453 608 2501 4.
637 2431 698 2486 δε
738 2433 901 2489 Petit.
934 2429 988 2485 in
1015 2428 1159 2506 Leg.
1194 2429 1317 2487 Att.
1352 2429 1451 2486 lib.
1488 2432 1521 2487 i.

274 2514 356 2570 lb.
417 2512 602 2569 Schol.
661 2514 697 2569 l.
748 2511 801 2569 6.
856 2509 1077 2583 Βοκθεὶᾳ]
1137 2511 1230 2567 Ex
1279 2509 1540 2587 sequente
1592 2515 1797 2575 ζοηθεῖαν

190 2594 358 2675 plane
390 2609 628 2651 natum:
673 2593 964 2651 reetiffime
995 2592 1204 2664 Wolfius
1249 2595 1582 2653 'emendavit
1627 2599 1799 2669 προθυ-

193 2681 327 2757 salpe:
376 2677 518 2734 infra
566 2675 737 2742 dicet,
795 2678 943 2750 ὥσπερ
970 2677 1308 2749 ἐψηφισάμεθα
1336 2676 1596 2749 προθύμως.

275 2760 359 2818 ΓΟ.
409 2757 444 2816 l.
493 2762 587 2816 83.
617 2759 766 2815 ”Ητοι
812 2759 1106 2832 Ιικυεοίριῷθ]
1153 2758 1218 2814 In
1276 2778 1416 2813 orat.
1466 2759 1536 2814 de
1575 2759 1801 2837 Corona

194 2863 254 2920 p.
320 2845 446 2918 167.
481 2839 590 2897 Ed.
650 2841 777 2909 Ben.
833 2840 1293 2912 Munychionem
1354 2858 1483 2895 curn
1538 2841 1806 2916 januario

190 2940 486 3002 comparat
540 2921 902 2979 Scholiastes:
969 2920 1178 2978 ibidem
1224 2924 1396 2977 etiam
1447 2928 1806 3001 &xpymnssvssa

194 3005 714 3080 exponitAn-pams‘ae,
761 3023 898 3082 ergo
957 2998 1073 3059 non
1110 3000 1234 3078 jam
1291 3005 1674 3083 Munychion,
1717 3007 1810 3066 sed

202 3086 602 3146 Anthesterion
658 3089 762 3143 erit
832 3086 1161 3161 Januarius:
1212 3088 1267 3142 in
1323 3091 1564 3164 utroque
1593 3082 1805 3158 autem,

871 3167 931 3225 X
979 3187 1012 3243 3
1726 3173 1808 3229 uti
