2083 3484
440 93 1483 162 OLYNTHIACA
1561 96 1611 163 Ι.
1717 122 1843 191 175

223 211 287 274 «Sc
320 207 619 298 ejusmodi
651 208 933 274 homines
972 203 1082 292 qui
1130 203 1409 269 inebriati
1455 207 1603 271 tales
1634 205 1847 274 saltare

223 301 569 365 saltationes
638 325 767 364 non
837 295 1133 371 recusent,
1207 298 1416 383 quales
1488 320 1606 386 ego
1678 323 1849 364 nunc

223 394 386 479 apud
461 416 568 456 vos
647 391 842 454 dicere
918 409 1152 451 vereor.
1266 386 1666 475 Perspicuum
1737 401 1850 455 au-

222 499 351 548 tem
407 485 515 557 est,
573 482 705 545 haec
756 478 870 544 effe
924 502 1089 543 vera.
1187 479 1444 543 Etenim
1495 503 1651 566 quos
1703 480 1850 545 hinc

223 598 439 640 omnes
482 572 889 660 expellebant,
941 584 1011 634 ut
1054 570 1594 659 praestigiatoribus
1643 572 1851 638 multo

223 666 571 752 nequiores,
640 661 907 726 Calliam
971 660 1160 726 istum
1225 662 1579 726 ministrum
1643 665 1853 748 publi-

225 780 394 833 cum,
443 759 507 820 ὅτ
566 756 691 843 ejus
746 752 984 842 generis
1047 753 1351 831 homineS,
1403 754 1514 841 qui
1575 750 1851 819 ridiculis

226 849 300 912 de
348 848 525 912 rebus
572 845 797 909 mimos
851 860 1376 922 commentantur,
1428 849 1490 910 δε
1539 845 1852 911 obscoenas

224 938 559 1003 cantilenas
610 937 675 1000 in
722 935 949 1000 sodales
998 935 1137 1001 suos
1190 954 1593 1025 componunt,
1645 954 1718 1002 ut
1765 936 1848 1001 ri-

225 1031 482 1094 deatur:
563 1028 676 1092 hos
747 1044 912 1092 amat
982 1031 1046 1093 Sc
1114 1027 1319 1093 secum
1391 1029 1590 1094 habet.
1687 1030 1851 1110 Quae

224 1122 462 1185 tametfi
508 1142 689 1207 parva
737 1121 875 1206 quis
927 1121 1252 1196 existimet,
1304 1144 1534 1209 magna
1568 1120 1708 1186 sunt
1757 1126 1852 1185 ta-

223 1235 393 1290 men,
429 1212 855 1288 Athe11ie11se5‚
894 1210 1135 1288 indicia,
1171 1214 1215 1276 fi
1251 1211 1389 1300 quis
1425 1211 1564 1276 vere
1600 1212 1853 1301 cogitet,

225 1302 392 1368 illius
466 1302 700 1392 ingenii
778 1306 841 1367 ἅτ
913 1301 1300 1368 infelicitatis,
1402 1305 1644 1368 Verum
1725 1304 1854 1368 haec.

226 1418 396 1459 nunc
458 1397 585 1484 ejus
650 1394 1009 1458 succeffibus
1074 1394 1500 1470 obscurantur,
1567 1395 1853 1484 quando-

228 1485 483 1573 quidem
529 1510 617 1549 res
662 1485 939 1549 secundae
982 1509 1285 1574 magnam
1327 1487 1459 1551 vim
1504 1487 1730 1551 habent
1777 1488 1854 1551 acl

226 1578 592 1641 occultanda
641 1580 702 1641 &
751 1577 1180 1641 obumbranda
1231 1577 1374 1642 talia
1427 1579 1670 1666 probra.
1763 1580 1859 1642 At

225 1670 270 1733 fi
335 1668 592 1756 paulum
659 1668 1024 1758 impegerit:
1092 1684 1232 1733 tum
1289 1670 1352 1733 in
1409 1677 1665 1734 omnem
1725 1672 1855 1760 ejus

227 1760 422 1825 vitam
469 1763 532 1825 ὅτ
572 1759 849 1824 fortunas
898 1760 1270 1849 inquiretur.
1371 1761 1443 1825 Id
1493 1764 1665 1848 quod
1710 1760 1854 1848 ipse,

225 1852 364 1917 mea
430 1852 686 1939 quidem
747 1851 1059 1941 opinione,
1111 1853 1377 1930 videtur,
1433 1852 1857 1930 Athenienses,

228 1943 401 2009 brevi
434 1943 806 2021 ostensurUS,
856 1946 901 2008 fi
935 1947 998 2008 &
1030 1944 1112 2009 dii
1147 1959 1448 2020 anuuent,
1497 1950 1560 2009 ὅτ,
1594 1968 1705 2009 vos
1740 1942 1857 2008 vo'-

212 2037 386 2102 letis·
436 2114 441 2115 γ
484 2036 578 2100 Ut
641 2038 809 2100 enim
872 2035 937 2099 in
995 2037 1354 2124 corporibus
1409 2036 1652 2114 nostriS,
1704 2036 1861 2101 dum

231 2130 454 2204 valeas,
506 2129 756 2192 nullum
808 2127 959 2194 adeo
1012 2126 1254 2193 sensum
1312 2128 1539 2193 doloris
1591 2128 1861 2194 afferunt

233 2221 496 2308 fingulae
528 2238 721 2307 partes
755 2219 1068 2285 labefactae
1094 2245 1110 2295 3
1165 2221 1255 2285 sm
1301 2220 1365 2286 in
1414 2220 1710 2286 morbum
1756 2219 1859 2283 in-

232 2311 468 2389 cideriS,
509 2312 720 2376 omnia
755 2328 1121 2391 moventur,
1156 2314 1279 2376 five
1313 2329 1568 2400 ruptum
1603 2314 1699 2390 fit,
1736 2312 1861 2375 five

235 2404 548 2478 luxatum,
600 2405 724 2468 five
759 2404 911 2492 quid
955 2406 1125 2469 aliud
1174 2405 1509 2470 vitiatum:
1566 2405 1646 2468 fic
1681 2406 1744 2468 δῦ
1777 2403 1860 2466 cia

236 2493 504 2559 vitatum
533 2498 594 2558 &
615 2511 1054 2581 tyrannorum,
1079 2497 1232 2562 dum
1259 2496 1404 2561 foris
1429 2496 1586 2560 bella
1608 2510 1859 2584 gerunt,

235 2585 490 2650 obscura
525 2588 721 2674 vulgo
754 2590 916 2652 mala
951 2588 1135 2663 sunt3
1188 2590 1443 2676 quando
1476 2603 1683 2651 autem
1718 2586 1862 2651 fini-

237 2676 469 2742 timum
504 2679 738 2742 bellum
772 2678 1132 2759 conseritur,
1168 2682 1381 2745 omnia
1413 2677 1788 2745 elucescunt.

333 2769 514 2835 VIII.
568 2770 643 2833 S1
680 2771 816 2859 quis
849 2788 1067 2836 autem
1103 2772 1401 2848 vestrum,
1438 2768 1862 2846 Atheniense3‚

239 2858 313 2925 eo
355 2861 669 2926 difficilem
709 2863 772 2925 in
806 2880 1175 2953 oppugnatu
1202 2863 1566 2951 Philippum
1598 2861 1863 2950 effe-pu-

239 2967 327 3017 tet
391 2954 564 3042 quod
626 2951 1017 3026 fortunatum
1084 2955 1198 3021 este
1259 2956 1503 3024 videat,
1557 2955 1763 3021 utitur
1817 2953 1866 3017 is

1610 3045 1865 3134 quidem
